2662 4836
208 344 229 406 s
364 412 365 417 Ν
529 339 571 419 Q
605 335 791 400 cuaru
824 336 952 399 auat

206 453 257 521 illi
289 477 357 550 pro
382 451 570 536 libertate,
600 449 639 519 hi
667 473 733 544 pro
760 447 1009 519 dominatione
1034 418 1274 544 pugnabant.

181 568 237 641 91
239 561 484 634 acedaemoniis
509 560 602 645 dux,
628 557 888 629 Macedonibus
911 559 1011 630 locus
1034 559 1170 629 deerat.
1196 556 1278 625 Diei

208 697 355 770 quoque
372 672 479 740 unius
495 684 568 739 tam
584 668 775 765 multiplex
793 692 895 738 casus
908 670 1018 739 modo
1031 692 1151 766 spem,
1168 665 1278 736 modo

206 801 343 856 metum
368 783 556 878 utriusque
582 780 694 878 partis
716 778 890 873 augebat,
908 780 1009 850 velut
1031 779 1077 848 de
1101 777 1279 847 industria

207 895 304 964 inter
337 891 550 962 fortissimos
581 892 679 960 viros
710 904 892 962 certamen
923 905 1091 988 aequante
1119 888 1277 959 fortuna.

168 1007 378 1074 soCeterum
402 1003 572 1099 angustiae
591 1001 682 1086 loci,
707 1000 747 1069 in
773 1025 848 1096 quo
870 1001 1022 1072 haeserat
1041 1024 1181 1098 pugna,
1203 1023 1278 1068 non

209 1113 441 1211 patiebantur
456 1113 542 1182 totis
556 1110 696 1207 ingredi
711 1108 866 1199 viribus,
882 1112 1093 1208 spectabant
1105 1134 1190 1206 ergo
1205 1109 1281 1207 plu·

209 1249 284 1311 res,
302 1247 411 1320 quarn
430 1223 586 1293 inierant
601 1220 786 1318 praelium,
804 1235 861 1306 et,
880 1223 942 1318 qui
960 1237 1060 1293 extra
1073 1221 1137 1293 teli
1146 1223 1282 1317 jactum

169 1350 335 1420 t1‘erant,
362 1333 517 1404 clamore
543 1333 698 1402 invicem
725 1356 809 1401 suos
836 1333 1092 1405 accendebant.
1119 1331 1282 1402 Tandem

211 1447 396 1514 Laconum
418 1442 509 1511 acies
525 1440 777 1536 languescere,
796 1440 935 1514 lubrica
952 1467 1050 1513 arma
1070 1442 1203 1512 sudore
1220 1441 1283 1510 vix

211 1553 407 1636 sustinens3
421 1549 552 1647 pedem
561 1549 693 1620 deinde
703 1549 841 1623 referre
855 1553 979 1649 coepit,
992 1567 1145 1651 urgente
1157 1553 1282 1637 hoste,

170 1696 200 1728 12
212 1686 253 1730 ac
272 1662 432 1758 apertius
451 1657 586 1755 fugere.
604 1662 872 1758 insequebatur
890 1663 1079 1761 dissipatos
1093 1665 1226 1748 victor,
1247 1676 1284 1732 et

213 1794 381 1840 emensus
404 1792 510 1839 cursu
535 1792 644 1839 omne
668 1772 843 1866 spatium,
866 1773 963 1869 qnod
987 1774 1079 1844 acies
1097 1778 1284 1844 Laconum

71 1908 74 1913 ¹
171 1891 201 1944 ιδ
213 1877 438 1964 obtinuerat,
452 1877 685 1974 ipsumAgim
700 1881 998 1978 persequebatur.
1014 1882 1095 1969 Ille,
1109 1897 1151 1953 ut
1163 1881 1285 1977 fugam

213 1985 362 2058 snorum
389 2000 426 2056 et
450 1988 636 2084 proximos
659 1987 818 2058 hostium
844 1991 1054 2087 conspexit,
1082 1990 1218 2089 deponi
1247 2014 1287 2060 se

171 2121 203 2168 ιι
210 2097 315 2193 jussit
332 2124 340 2166 :
363 2111 605 2193 expertusque
621 2096 785 2168 membra
799 2124 845 2169 an
860 2100 1035 2196 impetum
1054 2101 1164 2171 animi
1180 2099 1286 2202 sequi

201 2223 378 2305 possent,
396 2223 589 2307 postquam
608 2207 763 2280 deficere
781 2207 844 2306 [se]
866 2213 994 2313 sensit,
1014 2211 1213 2309 poplitibus
1230 2235 1285 2282 se·

212 2331 289 2388 met
311 2320 472 2415 excepit;
497 2319 671 2416 galeaque
691 2334 839 2417 strenue
861 2336 1021 2416 sumpta,
1049 2322 1287 2420 clypeo‘pro-.

214 2444 339 2526 tegens
358 2453 511 2551 corpus,
532 2430 671 2499 hastam
691 2429 818 2501 dextra
833 2429 1019 2518 vibrabat,
1039 2432 1135 2502 ultro
1153 2456 1289 2502 vocans

174 2539 376 2623 rshostem,
402 2540 432 2608 si
456 2540 536 2634 quis
558 2539 693 2663 jacenti
718 2539 834 2636 spolia
857 2539 1003 2610 demere
1024 2540 1185 2612 auderet.
1208 2544 1288 2612 Nec

215 2650 408 2746 quisquam
423 2644 506 2730 fuit,
522 2649 586 2744 qui
602 2648 795 2720 sustineret
808 2651 972 2720 cominus
987 2650 1181 2748 congredi:
1198 2676 1285 2748 pro·

214 2811 282 2857 Anu.
287 2812 312 2856 Il
317 2810 413 2867 ,,464·
421 2809 727 2858 «Hisvocibusinstinctos
810 2829 849 2860 ιι.
865 2814 968 2878 Urgente
984 2813 1067 2875 hoste,
1082 2830 1113 2861 ae
1116 2851 1186 2864 .....
1202 2814 1287 2863 Modii

214 2890 336 2936 exercitus
346 2889 452 2952 propriae
467 2892 669 2951 quoqueca'ussae
683 2889 727 2936 sti·
772 2892 911 2940 emendatio
919 2902 963 2941 est.
972 2893 1057 2941 Nostri
1066 2904 1091 2940 et
1100 2894 1180 2941 eaeteri
1191 2894 1288 2954 codd,

214 2967 353 3025 mulabant3
370 2983 446 3030 quum
461 2983 474 3013 a
489 2967 618 3015 Cheruscis
632 2969 727 3032 Lango-
771 2973 815 3020 sed
824 2973 919 3038 inepte,
928 2983 969 3028 ut,
979 2983 1082 3037 urgente
1091 2971 1168 3030 hoste,
1181 2973 1288 3038 apertius

214 3046 361 3109 bardisque,
379 3061 425 3109 pro
441 3046 543 3108 antiqno
562 3045 665 3105 decore,
686 3058 728 3095 aut
765 3049 874 3116 fiage‘et.

214 3128 307 3174 recenti
324 3127 450 3185 libertate;
469 3138 493 3174 et
509 3137 594 3175 contra
612 3129 728 3192 augendae
810 3132 849 3176 13.
859 3129 955 3196 Deponi
964 3147 990 3178 se
992 3131 1075 3196 jussit.
1088 3132 1194 3191 Milites,
1205 3148 1219 3179 a
1229 3133 1287 3195 qui·

216 3204 380 3253 dominationi
395 3216 553 3253 certaretur.»
566 3206 629 3266 Sed,
643 3218 671 3254 nt
680 3225 727 3256 noe
770 3207 817 3255 bus
824 3209 976 3272 portabatur,
985 3208 1052 3257 abire
1060 3211 1144 3272 Jussit,
1154 3221 1178 3257 et
1186 3211 1286 3259 mellori

216 3285 276 3331 tevit
294 3286 488 3344 Freinshemius,
502 3285 602 3333 libertas
616 3285 728 3334 fortiores
771 3303 798 3336 se
806 3289 862 3335 usui
872 3289 956 3352 patriae
965 3305 1075 3349 servare;
1089 3289 1142 3353 ipse
1151 3299 1285 3337 extremam
1298 3307 1302 3310 ·

217 3363 328 3410 stimulos
340 3364 430 3411 habere
445 3364 525 3412 debet.
771 3383 877 3432 pugnam
897 3378 1050 3431 experturus.
1067 3369 1104 3415 Ex
1121 3367 1224 3416 Diodor.
1238 3370 1285 3416 Sic.

256 3457 294 3489 ro.
312 3442 419 3506 Ingredi.
436 3446 490 3491 Hoc
505 3444 608 3491 verbum
626 3460 657 3491 ex
674 3461 728 3493 ome
770 3445 814 3493 lib.
824 3446 912 3503 xvu,
926 3461 979 3508 cap·
991 3447 1034 3493 63.

216 3521 286 3568 nium
295 3523 349 3569 'fere
362 3523 476 3570 codicum
492 3539 613 3572 consensu
624 3525 726 3573 restitui.
791 3555 794 3559 .
809 3533 849 3581 st.
858 3523 915 3588 [Se]
923 3522 1003 3572 sensit.
1015 3526 1072 3571 Vox
1079 3524 1156 3588 prior,
1165 3540 1196 3571 ex
1203 3525 1284 3587 prima

217 3601 280 3647 Edd.
293 3601 404 3664 plerique
414 3620 419 3648 :
434 3602 556 3664 congredi.
570 3602 618 3650 Sed
628 3619 680 3650 ιιοιι
690 3604 727 3650 ri·
771 3602 863 3667 syllaba
873 3602 986 3650 vocabuli
995 3602 1166 3665 subsequentis
1175 3613 1244 3661 nata,
1255 3603 1285 3650 in

217 3679 380 3727 deocaussam
386 3679 728 3745 ,euringredinonhicexhiq
772 3681 918 3745 quibusdam
929 3681 1008 3730 Codd.
1022 3679 1154 3734 deficiens.
1168 3692 1286 3730 monente

171 3806 174 3811 ,
217 3757 315 3815 beatur,
335 3774 411 3820 quum
430 3760 508 3822 possit
525 3770 575 3808 tam
596 3760 628 3807 ad
646 3760 728 3807 locum
771 3760 908 3818 Schellero,
923 3760 1060 3820 ameenda
1072 3771 1116 3807 est
1128 3762 1191 3824 Agis
1207 3777 1282 3824 expe·

218 3847 348 3900 angustum
362 3853 435 3900 quam
454 3838 485 3886 ad
483 3855 609 3911 pugnam
629 3839 728 3897 referri,
771 3840 880 3888 uebatur
892 3840 1011 3897 membru
1026 3856 1079 3886 nou
1089 3856 1124 3889 se
1136 3839 1287 3903 -Popliti

200 3920 242 3962 'et
258 3916 306 3963 boc
325 3917 401 3963 verbo
419 3919 506 3981 saepius
525 3929 607 3966 utatur
620 3919 727 3966 Curtius.
771 3919 826 3968 bus
844 3921 876 3966 In
889 3917 1138 4009 gepuasesustipuit.
1151 3905 1290 3971 Avrlelt

217 3995 276 4042 vid.
286 3997 318 4054 V,
331 4011 342 4042 1
350 4011 417 4057 ,193
430 3999 482 4057 VI,
495 3999 524 4059 5,
536 3998 727 4046 5.-liademcen
772 3984 1111 4089 zelowneltlexaeltlepo'rv
1124 3983 1285 4061 leuvanis,

219 4085 254 4123 set
263 4073 470 4140 Snakenhurgius.
772 4066 884 4146 sipeo‘rm
894 4065 1117 4143 vodsvtlspa'ove,
1133 4077 1208 4133 Diod.
1217 4078 1233 4134 l.
1242 4077 1259 4125 l.
