2662 4836
195 351 234 390 10
540 330 583 409 Q.
614 329 793 393 conrii
825 330 946 393 nuri

168 445 348 512 ³Tenaces
357 444 494 539 quippe
507 441 703 539 disciplinae
714 466 800 530 sue,
812 442 1009 540 solitosque
1022 467 1131 540 parco
1147 466 1188 514 ac
1201 466 1264 540 pa-

191 551 298 622 rabili
312 552 410 623 victu
426 552 472 622 ad
492 551 674 649 implenda
691 568 828 623 naturae
842 551 1020 624 desideria
1036 550 1204 648 defungi,
1226 553 1265 621 in

191 663 381 758 peregrina
394 677 430 732 et
441 661 663 733 devictarum
676 663 839 758 gentium
849 661 942 736 mala
954 661 1157 758 impulerat.
1172 660 1266 730 Hinc

171 771 318 866 tsaepius
335 787 549 868 comparata>
565 773 603 842 in
617 786 725 870 caput
740 772 816 866 ejus
831 769 985 856 insidiae3
1003 769 1154 841 secessio
1170 769 1266 845 mili-

191 895 286 966 tum,
302 897 338 952 et
349 880 498 952 liberior
506 882 602 952 inter
611 881 930 977 mutuas-querelas
940 879 1064 952 dolor:
1080 881 1191 977 ipsius
1202 878 1266 950 de·

192 989 278 1060 inde
294 1015 393 1061 nunc
406 992 473 1079 ira,
489 1016 588 1061 nunc
599 991 839 1088 suspiciones,
852 1014 941 1086 quas
951 989 1130 1061 excitabat
1139 989 1266 1058 inoen-

192 1098 308 1169 sultus
321 1123 451 1194 pavor,
466 1115 658 1197 ceteraque
674 1100 729 1170 his
741 1098 885 1187 similia,
901 1123 982 1197 qnae
993 1099 1126 1171 deinde
1143 1098 1265 1170 dicen·

168 1223 264 1279 stur.
292 1210 405 1307 Igitur
424 1235 538 1307 quum
554 1210 819 1308 intempestivis
838 1211 1013 1282 conviviis
1034 1210 1111 1280 dies
1129 1210 1267 1306 pariter

191 1334 390 1417 noctesque
408 1335 657 1405 consumeret,
675 1320 875 1390 satietatem
894 1320 1081 1416 epularum
1100 1318 1194 1388 ludis
1208 1318 1264 1386 in·

192 1429 419 1526 terpolabat,
443 1456 518 1501 non
538 1445 732 1501 contentus
755 1429 954 1514 artificum,
979 1453 1070 1527 quos
1090 1453 1110 1499 e
1129 1427 1267 1498 Graecia

194 1539 395 1627 exciverat,
414 1539 543 1625 turba;
563 1541 699 1638 quippe
718 1541 866 1636 captivae
886 1535 1140 1637 [feminarum]
1160 1535 1267 1634 jube·

192 1761 274 1826 Esprit
282 1763 324 1809 des
333 1763 393 1819 lois,
408 1762 451 1809 lib.
463 1766 504 1822 X,
518 1778 571 1827 cap.
584 1765 615 1811 13
626 1773 650 1811 et
662 1774 706 1823 14,
750 1766 950 1824 Freinshemius,
969 1763 1125 1825 Scltmieder‚
1146 1763 1268 1827 multique

194 1843 263 1903 cujus
273 1842 360 1902 verba,
368 1858 421 1890 non
430 1843 531 1905 quidem
540 1845 567 1890 in
576 1846 706 1904 omuibus,
750 1846 792 1892 alii
804 1846 860 1895 edd.
870 1881 877 1905 ,
890 1862 904 1894 e
915 1846 1009 1894 uostris
1020 1847 1095 1908 liegg.
1103 1843 1184 1893 Codd.
1194 1844 1268 1890 resti·

193 1920 222 1966 in
230 1920 314 1969 multis
323 1931 405 1969 tamen
413 1922 556 1985 probanda,
567 1923 608 1971 bic
617 1925 706 1973 referre
751 1924 806 1971 tui:
823 1924 887 1972 nihil
901 1925 967 1972 enim
984 1923 1147 1988 responderet
1163 1921 1203 1968 his
1220 1937 1268 1970 vo-

194 1999 281 2048 liceat:
300 2001 342 2047 «Il
362 2017 394 2048 ue
411 2017 501 2066 sougea
522 2000 577 2066 qu’i
596 2004 654 2051 uuir
672 2005 707 2052 les
751 2005 907 2062 cihuunune
916 2003 1079 2068 suspiciones:
1091 2013 1203 2064 erratque
1212 2001 1269 2066 ipse

194 2101 207 2120 ιι
216 2078 282 2128 deux
295 2081 408 2140 nations,
427 2091 452 2127 et
468 2079 482 2129 a
497 2082 556 2129 faire
570 2083 659 2147 perdre
672 2084 707 2131 les
751 2083 903 2141 Sclmieder,
919 2099 996 2147 quum
1004 2093 1141 2146 caeteraque
1147 2082 1270 2145 interpre-

195 2180 208 2200 α
216 2157 372 2207 distinctions
380 2158 414 2207 du
423 2162 511 2225 peuple
521 2162 673 2225 conque'raut
684 2173 708 2210 et
752 2173 816 2211 tatur
825 2164 913 2212 eodem
923 2179 996 2211 sensu
1006 2179 1033 2210 ac
1042 2177 1105 2210 nunc
1113 2161 1179 2217 atu,
1192 2163 1267 2224 quasi

194 2236 250 2283 «du
271 2239 360 2302 peuple
379 2239 483 2300 vaincu3
505 2241 524 2287 il
544 2241 707 2301 abandonna,
752 2259 804 2291 vox
832 2259 860 2290 es
887 2243 1048 2307 responderet
1071 2239 1269 2305 precedentibus

195 2317 285 2380 «apres
297 2319 320 2366 la
331 2319 466 2383 conquete,
483 2331 539 2368 tous
552 2321 587 2368 les
597 2321 709 2385 pre'juges
752 2321 982 2387 mmesuspieiones.
996 2321 1043 2370 Sed
1051 2335 1115 2368 nunc
1123 2318 1268 2383 suspiciones

196 2417 209 2436 α
217 2397 261 2460 qui
271 2397 307 2445 lui
316 2400 413 2447 avaient
421 2400 485 2448 servi
494 2401 507 2448 ai
516 2401 539 2449 la
550 2401 622 2460 faire3
633 2402 651 2448 il
659 2402 722 2465 prit-
753 2413 777 2450 et
790 2417 854 2449 nunc
865 2401 903 2449 ira
913 2401 990 2465 magis
999 2402 1064 2448 inter
1075 2416 1101 2447 se
1110 2409 1268 2462 congruunt:

196 2496 210 2516 α
217 2473 253 2523 les
263 2492 353 2526 moeurs
365 2479 408 2526 des
416 2481 515 2539 Perses,
525 2496 558 2527 en
565 2479 619 2528 leur
625 2481 712 2529 faisant
754 2492 780 2530 et
790 2480 916 2545 quomodo
929 2480 981 2527 huc
991 2479 1042 2527 dno
1053 2478 1127 2526 verbe
1140 2488 1177 2524 tot
1186 2477 1269 2525 edito-

198 2557 327 2618 «prendre
340 2559 375 2606 les
390 2574 480 2608 moeurs
495 2560 538 2607 des
552 2562 629 2609 Grecs
631 2595 710 2611 ......
755 2577 811 2608 rum
823 2560 974 2624 diligentiam
987 2558 1128 2618 fefellerint,
1143 2572 1196 2604 non
1210 2556 1270 2604 satis

200 2638 313 2698 «Quaud
328 2637 401 2687 Ce'sar
411 2640 497 2687 voulut
514 2639 596 2686 imiter
612 2640 647 2687 les
661 2639 712 2686 eois
756 2639 840 2687 mirari
853 2655 950 2701 queam.

199 2714 713 2782 ud'dsie,ildesesperalesliomainsponr
793 2713 817 2765 5.
826 2716 899 2764 bedu
907 2715 1077 2780 interpolabat.
1085 2713 1271 2777 Intelligequae·

198 2795 713 2860 «uuediosedepnreostentatiomquand
757 2798 793 2845 vis
808 2797 866 2844 artis
883 2796 984 2844 ludicrae
1001 2807 1025 2842 et
1041 2795 1146 2842 musices
1163 2793 1271 2840 oblecta·

173 2920 179 2929 ,
199 2874 360 2923 «Alexandre
383 2876 469 2925 voulut
495 2877 577 2924 imiter
603 2877 638 2924 les
662 2877 712 2925 rois
755 2885 967 2938 menta‚quormn
977 2873 1082 2922 artifices
1097 2883 1155 2921 sunt
1171 2872 1270 2920 saltato-

197 2952 317 3013 eddam,
335 2956 353 3002 il
369 2953 397 3002 fit
411 2972 459 3003 une
473 2957 548 3005 chose
567 2957 611 3020 qui
624 2956 712 3007 entrait
756 2972 808 3014 res,
822 2955 907 3013 mimi,
919 2955 1063 3013 citharistas,
1076 2953 1205 3009 tibicines,
1222 2962 1269 3000 etc.

197 3053 210 3074 α
218 3031 280 3079 dans
294 3033 316 3080 le
330 3033 389 3098 plau
403 3035 433 3082 de
448 3052 473 3082 sa
485 3035 613 3098 conquete.
622 3058 634 3078 n
755 3036 804 3083 Pro
813 3033 975 3100 interpolabat
981 3034 1059 3082 nostri
1069 3035 1146 3097 Regg.
1156 3041 1181 3079 et
1191 3032 1269 3093 quin·

234 3115 258 3161 3.
273 3114 414 3177 Impulerat.
434 3117 465 3162 Et
482 3116 596 3178 exemplo
610 3131 674 3174 suo,
688 3124 712 3162 et
755 3130 803 3177 que
812 3113 941 3161 uliiCodd.
950 3112 1128 3176 interpellabat.
1140 3137 1177 3148 --
1189 3110 1269 3157 Exei-

198 3192 307 3240 vestibus
316 3193 425 3254 donatis,
439 3210 498 3256 quas
510 3194 544 3241 illi
555 3203 711 3258 aspernantes
756 3204 831 3242 verat.
846 3193 885 3242 stc
904 3194 991 3257 scripsi
1009 3207 1065 3240 cum
1082 3192 1174 3238 nostris
1193 3193 1270 3254 Regg.

197 3286 309 3319 recusare
328 3288 381 3319 non
394 3273 526 3322 audebant.
544 3273 636 3321 Confer
649 3273 711 3320 infra
755 3274 958 3336 Codd.‚quetuor
965 3273 1017 3320 aliis
1026 3283 1113 3319 etcum
1120 3271 1272 3318 Schmieder.

198 3367 219 3398 c.
232 3353 263 3410 6,
278 3367 302 3406 7.
315 3378 351 3386 -
368 3351 511 3416 Solitosque.
525 3353 605 3401 Tenui
619 3369 646 3400 ac
657 3352 711 3398 vul·
755 3371 802 3419 pro
816 3353 974 3402 excitarent.
994 3353 1121 3415 Namque,
1134 3361 1163 3398 ut
1174 3350 1272 3398 notavit

199 3431 251 3493 gari
261 3429 319 3476 cibo
329 3429 360 3477 ad
371 3431 549 3494 suppeditanda
560 3431 659 3495 corpori
667 3445 712 3477 ue·
755 3433 904 3490 Schelferus,
915 3431 1065 3489 excitantur,
1075 3430 1119 3493 qui
1126 3444 1171 3493 per
1178 3429 1272 3488 udum,

200 3508 303 3556 cessaria
314 3510 350 3555 uti
359 3521 481 3569 assuetos,
496 3512 632 3575 peregrinis
643 3511 712 3559 devi-
756 3514 891 3578 ignaviam,
906 3521 948 3559 aut
958 3511 1050 3558 similes
1061 3524 1157 3557 caussas
1168 3518 1272 3556 manent

200 3598 297 3640 ctorem
308 3589 437 3636 Persamm
447 3590 513 3636 vitiis
524 3591 647 3637 infecerat.
757 3593 785 3640 in
804 3591 916 3651 occulto,
939 3607 966 3638 ac
988 3591 1098 3654 proferre
1118 3604 1144 3635 se
1166 3587 1271 3645 nolunt3

237 3677 262 3725 4.
288 3669 322 3714 Et
340 3668 446 3720 liberior.
469 3671 577 3718 Militum
595 3671 714 3735 querelae,
757 3665 1271 3735 quodhienouattenditnr,sedidsolum‚

201 3763 269 3812 quae,
276 3763 353 3811 quum
363 3765 498 3813 paucorum
509 3745 605 3809 essent,
616 3760 713 3798 cetero·
758 3748 827 3813 quod
836 3748 868 3795 sd
879 3764 905 3794 se
919 3747 1025 3795 evocarit
1038 3762 1052 3792 e
1065 3755 1114 3792 tam
1127 3743 1272 3810 longinquis

202 3843 259 3875 rum
272 3827 369 3876 silentio
388 3829 631 3892 comprimebantur,
647 3845 713 3877 nunc
758 3829 837 3885 terris.
851 3829 882 3876 Id
888 3839 969 3876 sutem
976 3838 1012 3874 est
1019 3825 1110 3875 excire.
1121 3824 1272 3888 -Captivoe

201 3906 304 3954 liberius
317 3909 494 3973 erumpebant,
515 3919 540 3956 et
557 3919 643 3956 mutuo
659 3925 714 3957 om·
758 3905 940 3974 [seminariam]
961 3905 1071 3957 Secunda
1084 3919 1135 3950 vox
1149 3919 1163 3950 a
1180 3904 1272 3950 nostris

202 3987 273 4035 nium
287 3988 372 4038 dolore
387 3992 503 4052 majorem
517 3990 568 4038 vim
584 3989 715 4039 habebant.
759 3988 839 4052 llegg,
846 3997 870 4034 et
883 3986 936 4034 aliis
949 3985 1049 4048 optimis
1060 3981 1140 4032 Codd.
1152 3981 1230 4030 abest.
1239 3982 1272 4028 Ii-

203 4092 238 4111 ,-
249 4068 320 4118 Nunc
329 4067 376 4120 ira.
387 4071 437 4119 lias
448 4086 534 4132 voces,
543 4086 603 4137 quas
612 4071 716 4120 ombere
759 4066 817 4116 dem
832 4067 944 4118 scribunt
957 4066 1034 4115 urbe
1044 4081 1091 4128 pro
1105 4062 1186 4111 narba.
1205 4063 1272 4112 Con-
