2662 4836
220 316 263 390 so
539 278 581 395 Q.
615 315 801 378 courir
831 315 959 378 nuri

184 429 367 502 ¹tvinctus.
393 433 447 512 Is,
472 427 572 523 quod
596 453 640 498 ex
659 429 761 501 vultu
783 453 929 526 quoque
950 429 1105 525 perspici
1120 443 1285 526 poterat,

218 536 339 608 similis
356 537 530 622 attonito,
547 537 695 608 remotis
711 536 877 626 arbitris,
894 562 976 609 cum
989 538 1121 632 juvene
1140 540 1284 609 secessit

218 649 256 718 in
278 646 475 745 templum,
506 669 636 736 arcana
661 670 700 716 se
723 660 759 717 et
783 646 919 719 silenda
942 645 1071 719 afferre
1094 645 1284 745 praefatus:

194 776 505 853 ssuspensttmque
525 757 812 852 exspectatione,
832 781 897 852 per
916 771 1079 832 mutuam
1099 757 1285 831 caritatem

217 881 253 937 et
267 865 416 962 pignera
435 864 626 960 utriusque
648 864 775 949 anirni,
791 880 907 961 roget,
924 879 965 935 ut
980 863 1138 937 affirmet
1150 866 1286 962 jureju-

193 970 351 1058 srando,
374 996 451 1068 quoe
472 973 723 1059 commisisset,
755 973 896 1044 silentio
920 998 996 1045 esse
1021 988 1216 1046 tecturum.
1242 980 1285 1045 Et

215 1083 276 1154 ille
300 1099 415 1168 ratus,
439 1082 545 1164 nihil,
569 1082 803 1179 quodetiam
827 1109 908 1154 cum
931 1085 1091 1180 perjurio
1114 1084 1285 1182 detegen-

217 1196 303 1265 dum
329 1192 440 1276 foret,
466 1192 731 1279 indicaturum,
759 1217 825 1289 per
847 1208 1039 1288 praesentes
1068 1194 1155 1264 deos
1174 1196 1284 1289 jurat.

193 1311 308 1380 cTum
332 1308 496 1400 Dymnus
520 1301 656 1399 aperit,
680 1301 891 1371 intertium
917 1301 1015 1373 diem
1035 1304 1184 1376 insidias
1209 1306 1285 1401 regi

216 1427 458 1510 comparatas,
480 1435 589 1506 seque
611 1411 687 1505 ejus
711 1408 854 1483 consilii
869 1407 1023 1480 fortibus
1041 1412 1127 1481 viris
1146 1426 1183 1483 et
1203 1411 1283 1484 illu·

195 1524 348 1600 sstribns
377 1547 454 1598 esse
484 1521 712 1617 participem.¹
736 1517 877 1608 Quibus
903 1519 1045 1615 juvenis
1069 1521 1221 1608 auditis,
1244 1546 1283 1593 se

216 1660 301 1708 vero
318 1631 428 1703 fidem
452 1631 491 1700 in
515 1629 705 1725 parricidio
729 1627 888 1716 dedisse,
913 1645 1120 1702 constanter
1138 1630 1283 1717 abnuit,

216 1768 284 1815 nec
302 1740 374 1812 ulla
397 1735 590 1834 religione,
608 1753 648 1808 ut
670 1736 783 1808 scelus
806 1751 919 1832 tegat,
942 1762 1048 1836 posse
1072 1742 1280 1838 constringi.

193 1857 403 1948 sDymnus,
427 1863 608 1951 etamore
629 1862 664 1916 et
682 1863 781 1919 metu
800 1873 944 1936 amens,
965 1848 1128 1919 dextram
1149 1852 1281 1927 exoleti

216 1960 425 2059 complexus
442 1972 477 2030 et
494 1956 708 2053 lacrymans,
725 1981 828 2028 orare
845 1959 1023 2054 primum,
1034 1974 1081 2037 ⁴ut
1102 1961 1281 2058 particeps

190 2069 355 2152 oconsilii
379 2066 573 2166 operisque
592 2064 722 2138 fieret:
746 2067 775 2137 si
791 2067 828 2138 id
848 2067 1024 2139 sustinere
1044 2086 1120 2140 non
1140 2087 1262 2168 posset
1271 2055 1286 2158 ,¹

215 2194 372 2250 attamen
397 2202 444 2253 ue
469 2174 640 2273 proderet
665 2200 720 2261 se,
746 2177 847 2271 cujus
874 2202 957 2274 erga
980 2169 1098 2275 ipsum
1120 2178 1279 2263 benevo-

214 2289 348 2373 lentiae,
359 2300 499 2384 pneter
516 2283 599 2368 alia,
620 2285 690 2355 hoc
709 2310 857 2382 quoque
876 2284 1278 2377 haberetlortissimum

214 2400 364 2496 pignus,
388 2393 488 2493 quod
504 2408 610 2491 caput
628 2418 734 2481 suum
751 2395 970 2492 permisisset
989 2395 1075 2473 fidei
1091 2396 1209 2489 adhuc
1224 2400 1277 2467 in-

174 2523 377 2607 10expertae.
404 2503 459 2577 Ad
478 2502 647 2589 ultimum
671 2504 825 2574 aversari
849 2503 963 2575 scelus
986 2521 1278 2603 perseverantem

212 2632 312 2688 metu
324 2611 450 2685 mortis
466 2625 578 2683 terret
597 2638 604 2679 :
625 2609 672 2679 ab
686 2610 747 2680 illo
762 2613 878 2709 capite
893 2615 1097 2709 conjuratos
1110 2615 1276 2713 pulcher·

188 2814 192 2823 ·
249 2797 273 2843 4.
284 2784 392 2849 Pignera
404 2781 528 2844 utriusque
539 2777 626 2828 animi.
642 2783 723 2828 Inter·
767 2796 829 2839 nne,
840 2784 935 2843 XXIV,
948 2785 1002 2842 2,.8
1013 2801 1019 2830 :
1031 2806 1043 2825 ι
1051 2786 1109 2844 Quo
1119 2785 1240 2847 perducto
1251 2788 1277 2834 in

211 2876 321 2930 pretarer
347 2863 377 2909 de
400 2859 572 2907 benevolentia
598 2859 723 2921 utriusque
768 2863 944 2911 sanctissimum
952 2864 1022 2912 Jovis
1032 2864 1278 2927 templum,veterri·

212 2958 266 2992 non
282 2941 362 2991 solum
381 2938 471 2986 mutuis
488 2935 577 2985 officiis
594 2936 724 2984 sedetiam
767 2955 812 2986 mae
837 2941 1001 2988 Macedonum
1028 2941 1168 3006 religionis,
1196 2945 1277 2992 Ptole-

211 3032 296 3077 mutuo
315 3019 347 3067 ed
360 3016 453 3081 agenda
470 3014 633 3079 patiendaque
650 3014 722 3062 obse·
758 3034 856 3077 smnus,
877 3021 979 3083 sumptis
999 3021 1026 3067 in
1047 3037 1134 3069 manus
1147 3023 1277 3080 altaribus,

210 3102 270 3165 quio
283 3097 485 3158 Μαῖα-ουκ
495 3091 664 3148 commisisset,
679 3108 723 3155 per
766 3097 912 3160 contingens
923 3098 975 3161 ipsa
986 3098 1114 3146 simulacra
1127 3111 1151 3146 et
1163 3101 1277 3164 pulvina-

211 3178 336 3243 enallagen
346 3186 498 3239 temporum,
506 3186 553 3233 pro
562 3184 617 3233 quie
625 3169 722 3222 commi·
766 3173 803 3219 ria
816 3173 934 3232 deornm,
950 3176 1067 3224 inauditis
1080 3178 1222 3241 ultimisque
1234 3196 1276 3226 ex·

211 3257 280 3313 serit,
296 3257 345 3307 hoo
356 3264 406 3310 est,
417 3250 554 3299 crediturus
566 3257 635 3294 esset.
766 3253 942 3301 secretionibus
954 3255 1064 3315 adjurat,
1078 3272 1105 3302 se
1119 3258 1214 3304 sincera
1226 3257 1276 3304 fide

248 3336 272 3382 5.
286 3337 335 3381 Per
339 3340 471 3396 presentes
480 3325 546 3377 deos.
558 3323 722 3373 Nicomachus
765 3331 947 3379 matrimonium
958 3334 1050 3381 sororis
1060 3345 1172 3397 petere.»

212 3427 277 3463 ratus
288 3412 351 3459 nihil
362 3411 484 3458 dicturum
497 3404 565 3468 quod
577 3421 633 3452 cum
642 3407 722 3468 perju·
801 3409 916 3470 7.Fidem
927 3411 951 3458 in
958 3411 1092 3475 parricidio
1099 3414 1203 3463 dedisse.
1212 3415 1277 3464 Con·

212 3495 249 3542 rio
258 3509 311 3546 seu,
320 3491 411 3538 violeto
426 3488 499 3535 etiem
509 3484 670 3544 jurisjurandi
683 3501 720 3531 sa·
759 3489 864 3537 structio
882 3507 958 3554 greca
971 3503 1027 3553 est:
1043 3495 1122 3540 Greci
1135 3496 1275 3557 promiscue

211 3560 410 3627 crementoiesset
416 3564 590 3631 aperiendum,
602 3566 668 3623 ium
676 3579 720 3627 ptr
763 3567 850 3616 dieunt
860 3586 866 3617 :
878 3562 900 3617 ἰν
911 3568 1013 3643 φυλακῇ
1021 3585 1139 3638 repentes,
1155 3583 1179 3620 et
1191 3567 1217 3625 ie
1227 3580 1275 3638 φυ-

206 3661 337 3716 proesentes
351 3648 417 3704 deos,
431 3645 475 3707 qui
487 3645 515 3691 in
527 3642 569 3689 illo
581 3642 673 3705 templo
688 3641 719 3687 sd
762 3639 857 3711 λαήμ,
866 3683 888 3698 ,,
899 3685 905 3699 ,
915 3685 936 3700 ,,
952 3639 1106 3717 ὢωζςςάζη,
1123 3645 1145 3699 ς’,
1156 3644 1275 3722 άμηῳᾷ

209 3732 278 3795 quod
287 3721 719 3784 deductuserat,colebantur.Fere·
763 3736 787 3773 et
798 3721 823 3777 ἐς
833 3718 971 3797 αἰρισῆιριὶν,
980 3763 1047 3779 .....
1063 3733 1149 3795 vio‘lu
1163 3721 1274 3799 ιἰφιλίᾳ

207 3812 295 3859 benite
308 3819 420 3856 ,veterum
432 3802 585 3853 consuetudo
601 3800 717 3851 Macedo·
762 3791 861 3856 diditus
877 3819 902 3855 et
914 3803 937 3861 is
946 3815 1038 3874 Φιλιᾳν.
1050 3811 1089 3856 Sic
1101 3809 1128 3855 in
1138 3810 1275 3873 parricidio

207 3902 289 3950 num,
304 3887 421 3936 112:de
442 3885 473 3932 ad
494 3883 627 3946 templum,
649 3881 716 3927 ueris
761 3888 852 3940 estpro
866 3879 890 3929 in
899 3879 1074 3943 parricidium,
1094 3880 1161 3943 quod
1174 3892 1202 3928 nt
1216 3897 1272 3928 cum

206 3969 320 4016 altaribus
328 3979 351 4015 et
360 3965 508 4021 simulacris,
513 3957 717 4023 jurarent,qnod
738 3957 873 4007 ,Acidalio
892 3960 1081 4020 substituamus,
1101 3963 1167 4020 iuste
1187 3977 1272 4011 caussa

206 4050 257 4097 era't
265 4065 312 4112 per
319 4044 518 4113 pmrentessdeos
526 4041 623 4104 jurare.
637 4037 715 4087 Justi·
758 4052 811 4104 non
825 4048 870 4085 est.
