2662 4836
202 328 243 402 58
532 339 934 421 Q.cU1tT111tUF1
981 411 985 418 ,

203 453 379 550 particeps
397 452 541 524 sceleris
560 452 806 524 destinabatur
826 480 834 521 :
857 453 1000 550 itaque,
1023 451 1271 551 indignatione

175 577 340 660 8pressa,
363 589 434 633 vox
456 563 616 637 indicum
638 562 782 634 silentio
807 579 956 662 excepta
979 579 1043 635 est.
1068 569 1161 634 Tum
1184 588 1272 649 rex,

200 672 370 764 «Qualis,
391 674 530 769 inquit,
549 698 635 770 ergo
651 673 761 745 animi
775 672 878 743 vobis
894 673 1054 759 videtur,
1079 676 1143 770 qui
1162 672 1272 767 hujus

199 782 254 852 rei
273 780 434 852 delatum
449 782 621 852 indicium
636 781 681 853 ad
697 783 814 880 ipsum
829 785 1052 880 suppressit?
1068 783 1178 874 Quod
1196 808 1272 853 non

175 889 310 967 sfuisse
334 916 488 979 vanum,
514 891 650 988 Dymni
667 891 784 968 exitus
802 892 969 963 declarat.
993 898 1174 963 Incertam
1194 916 1272 962 rem

202 1001 387 1089 deferens,
405 1015 587 1073 tormenta
602 1026 677 1072 non
693 1001 813 1071 timuit
829 1001 1021 1073 Cebalinus
1037 1029 1044 1070 :
1062 1006 1210 1072 Metron
1225 1027 1271 1071 ne

201 1127 428 1184 momentum
455 1111 603 1210 quidem
629 1112 805 1210 temporis
829 1112 968 1183 distulit
990 1137 1191 1184 exonerare
1219 1138 1272 1196 se,

162 1251 193 1284 10
203 1237 244 1292 ut
262 1247 327 1307 en,
342 1221 406 1292 ubi
419 1221 580 1308 lavabar,
595 1222 824 1317 irrumperet.
842 1221 1002 1291 Philotas
1016 1221 1112 1292 solus
1126 1221 1222 1293 nibil
1233 1223 1272 1292 ti-

203 1332 310 1418 muit,
328 1332 420 1402 nihil
443 1332 617 1418 credidit3
636 1358 659 1402 0
682 1333 803 1429 magni
825 1333 935 1403 animi
960 1330 1095 1404 virum!
1122 1338 1217 1420 Iste,
1242 1333 1271 1434 si

202 1442 294 1539 regis
317 1443 479 1539 periculo
504 1455 810 1529 commoveretur,
832 1440 974 1513 vultum
994 1467 1071 1512 non
1091 1442 1271 1513 mutaret?

202 1552 360 1622 indicem
383 1566 491 1622 tantae
511 1552 563 1621 rei
587 1550 761 1620 sollicitus
782 1576 858 1620 non
882 1551 1046 1623 audiret?
1066 1551 1197 1622 Subest
1221 1553 1271 1622 ni·

203 1662 337 1731 mirum
358 1660 503 1731 silentio
526 1658 682 1746 facinus,
711 1675 746 1730 et
765 1660 869 1731 avida
891 1685 972 1757 spes
994 1662 1095 1757 regni
1116 1661 1270 1758 praecipi·

163 1805 192 1835 11
204 1782 279 1839 tem
298 1768 461 1837 animum
478 1768 523 1838 ad
542 1768 710 1841 ultimum
728 1767 829 1840 nelos
844 1768 998 1866 impulit.
1019 1775 1125 1841 Pater
1146 1769 1271 1840 Medite

205 1892 351 1975 praeest,
371 1879 466 1974 ipsc,
487 1878 585 1975 apud
598 1879 733 1950 multos
749 1883 934 1977 copiarum
951 1879 1061 1949 duces
1079 1881 1170 1950 meis
1189 1903 1270 1975 prae·

164 2000 335 2083 npotens
360 1987 513 2076 viribus,
536 1988 695 2082 majora,
716 2015 826 2086 quarn
850 1990 959 2086 capit,
983 1989 1105 2087 spirat.
1129 1988 1271 2065 Orbitas

206 2107 354 2194 quoque
375 2122 477 2183 mea,
502 2097 602 2194 quod
623 2099 700 2169 sine
723 2097 846 2168 liberis
866 2123 963 2186 sum,
984 2086 1179 2196 spernitur.
1206 2096 1272 2167 Sed

205 2266 300 2314 sceleris
316 2266 489 2326 destinatam,
504 2269 555 2316 sive
572 2268 717 2331 designabit·
761 2269 858 2318 cissimu
879 2268 993 2330 quidem,
1015 2268 1055 2315 illu
1077 2268 1144 2315 enim
1167 2266 1272 2324 sublate,

112 2343 116 2348 ’
206 2355 254 2403 tur.
267 2347 306 2393 Sic
320 2347 382 2394 infra
396 2363 448 2410 cap.
463 2363 507 2405 10,
518 2348 548 2408 5,
564 2347 638 2394 dicit:
653 2348 721 2394 Inter
761 2349 844 2397 nullus
855 2349 918 2395 foret
926 2348 1001 2407 hujus
1011 2346 1059 2394 loci
1068 2363 1163 2393 sensus.

206 2423 341 2490 conjuratos
350 2441 419 2472 nemo
428 2442 466 2473 me
474 2425 591 2473 nominat.
600 2453 636 2462 -
643 2426 718 2474 Silen·
801 2444 840 2475 ιο.
852 2426 922 2474 Nihil
931 2426 1019 2474 timuit.
1034 2425 1129 2472 Scilicet
1138 2423 1216 2483 mihi,
1230 2439 1273 2489 pro

205 2503 239 2550 tio
251 2516 352 2568 excepta
366 2515 409 2553 est.
422 2505 584 2568 Exspectabat
598 2505 719 2552 exercitus
762 2523 815 2554 mea
829 2508 912 2555 salute.
924 2533 958 2542 -
970 2506 1069 2553 Vultum
1084 2521 1132 2552 non
1150 2507 1275 2550 mutaret?

204 2583 583 2648 miadhucargumenu,qnibus
590 2585 720 2647 mugientu-
762 2587 858 2634 Scilicet
871 2603 949 2649 quum
965 2587 987 2632 ei
1003 2584 1100 2632 insidia·
1115 2584 1274 2630 deferrentur.

206 2662 292 2727 gitque
298 2662 420 2711 Philotam
427 2663 491 2709 inter
498 2665 639 2723 conjuratos
646 2663 719 2711 fuisse
763 2667 822 2715 Non
834 2667 898 2715 lente
908 2665 1043 2729 excepisset
1053 2664 1174 2711 nuncium
1182 2663 1213 2709 de
1222 2677 1275 2709 meo

205 2741 456 2806 probaretur3pressa
464 2741 642 2806 indignatione,
651 2741 719 2788 nullo
763 2746 887 2810 periculo,
898 2762 930 2792 ne
940 2746 1010 2792 vultu
1023 2745 1123 2808 quidem
1136 2753 1242 2802 mutato,
1256 2741 1277 2787 si

205 2821 385 2884 indignationis
403 2822 475 2885 signo
492 2819 539 2884 per'
553 2822 677 2868 fremitum
696 2830 720 2868 el
764 2826 828 2873 salus
838 2841 891 2872 mea
901 2824 950 2888 ipsi
959 2825 1046 2871 fuisset
1055 2823 1133 2870 cordi.
1146 2849 1182 2858 —
1194 2824 1274 2868 Muta·

208 2900 325 2947 clamores
338 2899 413 2961 edito.
426 2899 563 2947 Schefferne
574 2900 720 2962 interprete·
765 2917 813 2965 m,
823 2905 935 2964 audiret,
947 2920 1008 2967 pro,
1018 2912 1148 2960 mutasset,
1160 2901 1275 2949 audisset.

207 2990 247 3027 tur
258 2995 313 3027 vox
324 2979 429 3027 indicum
436 2997 526 3045 pressa
542 2979 721 3045 indignatione.
763 3010 799 3019 —
810 2982 891 3030 Arida
904 2999 958 3047 spes
970 2980 1045 3045 regni.
1061 2980 1167 3027 Videtur
1180 2978 1276 3027 eunius

207 3059 265 3120 quia
281 3058 376 3106 indices
393 3076 438 3122 per
457 3060 650 3123 indignationem
668 3075 721 3106 non
765 3072 819 3109 ante
839 3061 924 3109 oculos
940 3059 1055 3107 habuisse
1071 3057 1138 3104 istud
1154 3056 1276 3104 Sallustia-

207 3140 394 3188 nominaverant
411 3140 547 3199 Philotam,
570 3140 638 3202 quod
657 3150 720 3186 certe
765 3157 842 3188 num:
857 3139 972 3200 oNatnra
992 3138 1132 3185 mortalium
1145 3136 1218 3194 avida
1232 3137 1277 3183 im·

207 3231 292 3266 eontra
305 3219 384 3266 Curtii
397 3229 503 3264 mentem
518 3219 621 3264 omnino
634 3229 677 3267 est.
764 3219 841 3282 perii,
854 3228 878 3264 et
887 3233 994 3281 pneoeps
1004 3217 1036 3265 ad
1045 3215 1194 3278 explendum
1202 3213 1278 3267 animi

243 3315 267 3360 9.
281 3299 407 3344 Tormenta
420 3313 468 3343 non
479 3296 567 3345 timuit.
578 3298 641 3344 Rem
654 3296 722 3343 detu-
765 3298 925 3346 libidinem.»

148 3424 154 3431 ,
207 3377 236 3426 lit
248 3378 393 3436 Cebalinus,
404 3377 477 3423 etiam
488 3393 544 3423 cum
553 3376 663 3438 periculo
673 3386 721 3423 tor·
804 3395 843 3425 11.
858 3376 944 3442 Spirat.
963 3376 1072 3438 Quidum
1090 3384 1173 3439 sperat
1178 3392 1188 3431 ,·
1209 3375 1279 3426 mule.

207 3467 363 3516 mentorum,
376 3472 420 3518 per
435 3471 488 3518 quae
501 3455 594 3517 inquiri
611 3464 721 3518 poterut,
765 3457 852 3514 Plura,
867 3472 940 3519 quam
960 3470 1066 3518 quorum
1085 3469 1163 3516 capax
1181 3453 1228 3512 sit,
1248 3452 1280 3500 ef·

208 3535 231 3583 ei
248 3535 309 3597 quid
325 3536 354 3581 in
373 3535 425 3595 ejus
443 3533 565 3581 delatione
582 3545 722 3597 suspectum
767 3537 847 3584 fectat.

208 3615 307 3671 luisset,
321 3613 389 3676 quod
403 3613 521 3677 evinpuut
535 3614 606 3660 etium
622 3614 668 3661 illae
678 3631 723 3662 vo·
805 3631 844 3662 ru.
857 3614 932 3677 Quod
939 3612 991 3660 sine
1004 3611 1085 3660 liberis
1099 3628 1161 3661 sum.
1175 3610 1282 3665 Adduo,

210 3710 250 3743 ces
260 3711 266 3741 :
277 3693 392 3740 incertam
400 3709 449 3740 rem
458 3690 581 3756 deferens.
592 3693 648 3740 Nisi
657 3694 724 3741 enim
768 3706 808 3744 tur
820 3695 872 3743 haec
884 3695 934 3741 sive
949 3693 1072 3750 aCurtio,
1084 3693 1135 3739 sive
1146 3709 1178 3741 ex
1188 3693 1284 3756 glossa,

210 3775 290 3823 statim
300 3773 435 3838 patuissent
445 3772 723 3836 insidiae,torqueripo·
766 3791 798 3822 ne
819 3773 873 3836 quis
895 3782 976 3836 putet,
998 3771 1168 3819 Alexandrum
1190 3771 1283 3820 liberos

127 3902 130 3908 ,
210 3851 620 3917 tuisset,utcujusope,consilio,
633 3852 723 3914 quibus
767 3853 904 3917 perdidisse
915 3850 1061 3910 morte,sed
1070 3861 1097 3898 ut
1109 3851 1208 3909 sciatur,
1219 3867 1284 3899 nou-

200 3932 311 3979 'indiciis
322 3942 412 3982 tantam
422 3949 473 3978 rem
483 3931 620 3989 detulisset,
630 3947 723 3995 cogno·
768 3932 827 3979 dum
837 3930 998 3978 habuisse-
1005 3928 1100 3976 Orbitas
1112 3930 1178 3993 epud
1187 3941 1282 3977 veteres

212 4022 327 4058 rueretur.
339 4014 397 4059 Vox
414 4013 522 4072 Metron,
540 4027 593 4073 quae
610 4011 724 4074 proxime
769 4021 923 4074 contempta,
944 4021 968 4057 et
985 4009 1082 4071 injuriae
1096 4009 1207 4058 obnoxia
1220 4018 1286 4068 «τις

211 4088 335 4155 seqnitur,
347 4089 455 4139 Aeidnlii
464 4089 604 4138 emendatio
612 4099 663 4146 est,
676 4087 726 4134 feli-
768 4101 797 4139 nt
819 4101 905 4141 contut
933 4089 1043 4149 «liberi,
1065 4089 1148 4152 inquit
1170 4090 1284 4146 Tacitus,
