2662 4836
461 347 621 410 arana
655 348 719 410 vt
1080 357 1122 439 49

54 463 372 545 armamentarium
390 460 511 530 intrat.
531 461 587 532 lbi
607 459 817 550 CebalinuS,
842 462 971 558 gaudio
992 463 1121 554 elatus,

55 570 213 642 «Habeo
237 585 292 655 te,
314 570 454 666 inquit,
479 569 697 641 incolumem
724 596 768 640 ex
794 571 989 667 impiorum
1011 577 1124 645 mani·

53 679 123 750 bus
154 695 360 778 ereptum».
390 684 624 750 Percontatus
644 679 775 750 deinde
801 679 1023 769 Alexander,
1046 706 1166 780 quaeat
1197 678 1205 683 ’

54 790 241 860 noscenda
260 804 387 876 erant,
411 787 539 859 ordine
559 805 686 860 cuncta
703 792 893 886 cognoscit.
915 797 1125 890 Rursusque

56 899 191 969 institit
218 922 398 995 quaerere,
421 912 554 993 quotus
573 898 649 969 dies
667 915 777 987 esset,
798 925 842 971 ex
865 926 940 997 quo
961 905 1126 974 Nicoma·

56 1008 149 1078 chus
170 1008 215 1078 ad
234 1033 319 1078 eum
338 1005 525 1078 detulisset
549 1005 744 1078 indicium?
764 1014 880 1106 Atque
908 1010 971 1081 illo
993 1010 1168 1084 fatentem

51 1119 130 1213 jam
155 1118 304 1187 tertium
327 1141 422 1203 esse,
450 1115 674 1201 existimans,
700 1117 796 1187 haud
823 1121 1032 1218 incorrupta
1054 1120 1128 1192 fide

54 1242 160 1297 tanto
185 1242 267 1324 post
288 1224 429 1297 deferre
453 1249 532 1322 quae
554 1225 736 1312 audierat,
760 1226 888 1296 vinciri
913 1253 995 1298 eum
1012 1230 1126 1324 jussit.
1164 1237 1166 1241 ’

57 1338 126 1409 Ille
145 1338 327 1409 clamitare
346 1338 472 1435 coepit,
492 1335 621 1406 eodem
641 1337 814 1433 temporis
830 1353 1033 1425 momentu,
1055 1364 1168 1436 quo„

56 1448 232 1532 audisset,
245 1447 289 1516 ad
303 1445 483 1517 Philotam
495 1446 693 1516 decurrisse
707 1471 715 1514 ε
728 1445 773 1516 ab
787 1471 830 1516 co
843 1463 1127 1543 percontaretur.

57 1563 137 1629 Rex
154 1559 242 1626 item
257 1580 438 1652 quaerens,
458 1580 504 1624 an
521 1553 700 1624 Philotam
715 1556 865 1628 adisset?
884 1582 929 1626 an
945 1555 1171 1633 institissent

56 1670 112 1753 ei,
136 1680 179 1736 ut
205 1666 412 1762 perveniret
439 1663 495 1734 ad'
516 1665 579 1734 se?
603 1682 856 1759 perseverante
881 1690 924 1736 eo
950 1663 1130 1739 affirmare

56 1801 137 1873 quae
156 1774 313 1861 dixerat,
339 1798 467 1844 manus
489 1772 534 1842 ad
558 1774 681 1844 caelum
703 1775 874 1862 tendens,
899 1779 1130 1850 manantibus

58 1885 248 1982 lacrymis,
272 1884 366 1953 hano
389 1882 457 1953 sibi
481 1907 500 1951 a
521 1884 700 1953 carissimo
720 1885 906 1980 quondam
930 1886 1127 1957 amicorum

55 1994 206 2064 relatam
218 1992 368 2089 gratiam
384 1991 616 2087 querebatur.
633 1997 734 2062 Inter
747 1993 821 2063 haec
835 1999 1019 2091 Dymnus,
1031 1995 1130 2067 haud
1139 2041 1172 2088 29

55 2106 218 2201 ignarus,
231 2125 340 2198 quam
352 2099 401 2170 ob
413 2125 572 2171 caussam
587 2119 860 2173 accerseretura
876 2127 977 2202 rege,
992 2105 1129 2200 gladi0,

56 2239 132 2310 quo
140 2211 236 2317 forte
247 2226 323 2283 erat
332 2211 484 2298 cinctus,
495 2213 651 2307 graviter
662 2236 700 2281 se
709 2211 891 2297 vulnerat,
904 2237 1129 2310 occursuque

55 2323 252 2394 satellitum
273 2319 466 2403 inhibitus,
492 2318 674 2417 perfertur
696 2323 734 2390 in
756 2322 899 2418 regiam.
928 2327 1047 2413 Quem
1073 2326 1128 2395 in·
1141 2359 1172 2404 30

55 2449 163 2504 tuens
172 2457 238 2502 rex
249 2485 259 2517 ,
272 2429 423 2520 «Quod,
437 2430 572 2526 inquit,
590 2432 627 2500 in
642 2445 694 2517 te,
712 2435 1024 2527 Dymne,tantum
1035 2436 1129 2531 cogi-

56 2542 130 2613 tavi
145 2539 263 2626 nefas,
283 2554 325 2609 ut
339 2537 406 2608 tibi
423 2538 663 2609 Macedonum
684 2561 797 2637 regno
811 2541 955 2638 dignior
972 2543 1129 2614 Philotas

56 2678 115 2723 me
130 2675 279 2749 quoque
296 2651 375 2747 ipso
391 2649 575 2719 videretur
587 2651 625 2719 »i
643 2649 749 2719 Illum
763 2651 836 2745 jam
855 2650 1033 2723 defecerat
1047 2679 1127 2723 vox.
1165 2744 1169 2755 .

57 2759 289 2858 Itaqueedito
299 2757 872 2856 gemitu,vultuqueaconspeotu
883 2762 975 2856 regis
985 2785 1126 2852 averso,

56 2870 211 2942 subinde
226 2867 402 2964 collapsus
417 2867 665 2962 exstinguitur.
686 2871 779 2952 Rex,
795 2867 935 2938 Philota
951 2872 1074 2942 venire
1089 2872 1125 2943 in
1137 2907 1167 2954 3,

56 2982 191 3078 regiam
202 2983 315 3075 jusso,
329 2976 568 3060 «Cebalinus,
581 2976 715 3071 inquit,
729 2976 896 3048 ultimum
908 2980 1125 3077 supplicium
1237 3054 1240 3060 ,

55 3094 226 3176 meritus,
246 3091 330 3159 siin
353 3104 461 3185 caput
481 3111 601 3155 meum
619 3102 830 3183 praeparatas
849 3090 993 3160 insidias
1011 3090 1125 3162 biduo
1198 3097 1201 3102 ’

56 3204 165 3288 texit,
193 3201 301 3295 hujus
326 3199 484 3268 criminis
512 3223 614 3268 reum
642 3199 821 3269 Philotam
846 3201 1051 3287 substituit3
1080 3204 1125 3274 ad

56 3337 169 3410 quem
194 3309 359 3408 protinus
389 3308 563 3376 indicium
586 3305 753 3376 detulisse
778 3333 815 3377 se
841 3308 1026 3381 affirmat:
1049 3337 1171 3408 quo3,

56 3421 228 3519 propiore
248 3416 361 3514 gradu
377 3416 537 3486 amicitiae
556 3440 615 3484 me
632 3415 827 3510 contingis,
854 3416 923 3486 hoc
940 3420 1053 3514 majus
1073 3437 1126 3492 est

57 3526 340 3600 dissimilationis
367 3539 435 3594 tuac
464 3523 624 3608 facinus3
654 3538 689 3592 et
721 3548 786 3619 ego
815 3523 987 3595 Cebalino
1015 3532 1126 3625 magis

58 3662 169 3737 quam
193 3636 361 3720 Philotae,
377 3635 413 3703 id
439 3634 633 3702 convenire
658 3630 783 3702 fateor.
804 3639 997 3705 Faventem
1014 3637 1126 3708 habes

53 3747 236 3843 judicem,
259 3744 307 3829 si,
334 3741 433 3839 quod
449 3739 589 3810 admitti
615 3765 689 3809 non
716 3746 896 3838 oportuit,
916 3744 1041 3814 saltem
1063 3771 1126 3816 ne·

56 3857 135 3954 gari
150 3867 308 3949 potest.»
338 3851 391 3920 Ad
409 3849 479 3918 hoc
496 3848 652 3919 Philotas
669 3849 765 3919 haud
784 3874 869 3920 sane
887 3865 943 3921 tre
972 3853 978 3864 '
1008 3877 1069 3939 us,
1097 3855 1124 3924 si
1137 3891 1167 3936 33

89 3991 209 4039 28.Item.
218 3985 397 4034 Freinshemius
403 3984 495 4031 mavult
501 3983 567 4032 item:
614 3984 724 4047 repetitis
749 3972 866 4034 vicibus.¹

55 4073 132 4131 ticin,
150 4068 198 4115 hoe
218 4078 268 4126 est,
289 4064 441 4121 idemtidem,
464 4063 569 4112 subinde
613 4060 706 4111 itemm.

145 4149 192 4214 II.
