2662 4836
156 368 158 373 ·
232 375 253 449 a
562 375 604 457 Q.
636 373 816 439 curru
844 375 965 441 anri

230 487 323 549 istius
339 486 506 549 inclinatio
523 485 634 550 futura
651 503 754 569 esset,
775 510 973 577 quamquam
990 488 1163 578 deinceps,
1181 491 1300 578 adepto

231 586 373 650 victoriae
400 586 539 667 nuntio,
565 592 631 651 suis
654 588 808 676 operibus
831 587 865 651 id
889 588 1061 653 discrimen
1086 595 1299 678 comparans,

188 688 374 750 13murium
407 709 477 750 eam
511 709 651 775 pugnam
686 688 784 751 fuisse
816 688 983 752 cavillatus
1015 705 1099 753 est1.
1138 692 1299 755 Caeterum

229 786 391 875 principia
410 787 477 866 ejus
495 786 575 850 belli
592 786 681 850 haud
698 788 899 877 improspera
919 788 1173 855 Lacedaemoniis
1192 792 1297 856 fuere.

227 890 345 952 Juxta²
366 887 587 974 Corrhagum,
607 887 807 952 Macedoniae
824 889 1016 969 castellum,
1038 912 1114 954 cum
1133 892 1300 979 Antipatri

227 987 387 1052 militibus
399 988 583 1075 congressi,
604 989 742 1052 victores
760 989 950 1052 exstiterant
967 1007 974 1051 :
994 1005 1027 1052 et
1040 990 1087 1052 rei
1100 991 1185 1055 bene
1200 1007 1298 1079 gestae

227 1090 328 1168 fama,
344 1089 442 1152 etiam
454 1089 509 1177 qui
525 1089 687 1175 suspensis
700 1087 864 1152 mentibus
877 1088 1044 1153 fortunam
1056 1106 1297 1177 spectaverant,

183 1193 260 1257 uin
281 1191 470 1255 societatem
490 1211 605 1253 eorum
623 1189 778 1278 pertracti
799 1205 885 1253 sunt.
903 1191 977 1252 Una
993 1213 1032 1253 ex
1048 1190 1143 1254 Elaeis
1158 1193 1299 1256 Achaeis·

225 1317 289 1382 que
313 1291 452 1356 urbibus
478 1291 609 1355 Pellene
635 1290 741 1354 foedus
758 1290 1014 1378 .aspemabatur;
1040 1306 1072 1353 et
1098 1293 1131 1353 in
1156 1292 1306 1375 Arcadia,¹

223 1392 457 1482 Megalopolis,
478 1389 543 1454 fida
562 1391 799 1456 Macedonibus
819 1389 863 1453 ob
883 1389 1030 1478 Philippi
1049 1392 1260 1475 memoriam,
1278 1417 1297 1456 a

223 1520 290 1584 quo
313 1493 479 1560 beneficiis
499 1492 619 1556 affecta
640 1492 757 1557 fuerat.
787 1489 874 1555 ³Sed
895 1490 964 1553 haec
980 1507 1068 1554 arcte
1085 1493 1295 1557 circumsessa

222 1596 310 1660 haud
328 1593 446 1683 procul
464 1590 633 1657 deditione
648 1593 778 1673 aberat,
801 1591 862 1655 nisi
880 1588 1014 1678 tandem
1030 1591 1201 1681 Antipater
1220 1596 1294 1659 sub·

166 1707 210 1773 ,15
222 1697 372 1761 venisset.
391 1695 421 1756 ls
436 1709 608 1780 postquam
624 1709 726 1757 castra
740 1692 851 1756 castris
864 1691 1025 1773 contulit,
1039 1715 1139 1780 seque
1153 1718 1292 1760 numero

220 1797 364 1862 militum
383 1794 513 1880 alioque
529 1809 685 1881 apparatu
701 1794 901 1879 superiorem
920 1794 1105 1881 conspexit,
1126 1798 1294 1886 quampri-

220 1921 311 1961 mum
331 1894 373 1959 de
393 1917 520 1958 summa
540 1917 648 1958 rerum
667 1893 780 1983 praelio
800 1892 997 1958 contendere
1019 1896 1132 1959 statuit
1154 1920 1162 1959 :
1185 1921 1294 1987 neque

177 1996 457 2064 16Lacedaemonii
486 1995 705 2060 detrectavere
732 2011 896 2059 certamen
909 1999 935 2058 4.
965 1997 1014 2059 Ita
1042 1999 1213 2063 commissa
1243 2021 1293 2066 est

218 2122 348 2188 pugna,
373 2120 445 2185 quae
467 2119 537 2161 rem
560 2113 740 2184 spartanam
765 2096 923 2176 majorem
947 2097 979 2159 in
1004 2097 1139 2162 modum
1163 2099 1290 2167 afflixit.

218 2195 358 2281 Quum⁵
384 2199 470 2261 enim
489 2197 645 2285 angustiis
662 2197 833 2277 locorum,
857 2196 892 2258 in
916 2196 1038 2283 quibus
1062 2201 1289 2288 pugnabatur,

217 2297 350 2381 conlisi,
371 2297 430 2361 ubi
447 2298 534 2360 hosti
552 2297 682 2361 nullum
699 2295 920 2360 multitudinis
937 2319 1032 2360 usum
1053 2297 1201 2363 futurum
1221 2325 1291 2367 cre·

216 2398 356 2481 debant,
376 2399 521 2462 animose
544 2398 710 2486 congressi
730 2412 853 2478 essent,
878 2417 986 2483 neque
1006 2396 1202 2464 Macedones
1224 2403 1289 2467 im·

175 2501 309 2589 17pigre
330 2499 531 2580 resisterent,
553 2500 695 2563 multum
708 2496 873 2585 sanguinis
894 2493 1004 2557 fusum
1025 2512 1084 2559 est.
1113 2498 1178 2562 Sed
1200 2519 1291 2588 post·

215 2622 314 2687 quam
341 2600 511 2686 Antipater
540 2599 701 2686 integram
728 2595 866 2660 subinde
896 2617 1030 2658 manum
1061 2597 1289 2668 laborantibus

215 2702 282 2765 suis
308 2699 454 2763 subsidio
481 2699 664 2762 mittebat:
689 2698 828 2785 impulsa
855 2693 1179 2766 Lacedaemoniorum
1203 2704 1290 2768 acies

215 2799 352 2888 gradum
375 2800 539 2888 paulisper
566 2799 687 2863 retulit.
718 2798 820 2880 Quod
851 2802 1057 2888 conspicatus
1082 2804 1180 2888 Agis,
1210 2827 1290 2868 cum

152 2959 155 2965 .
214 2901 350 2966 cohorte
364 2902 466 2987 regia,
484 2924 556 2988 quae
570 2924 608 2964 ex
624 2901 809 2964 fortissimis
826 2904 1012 2984 constabat,
1030 2926 1063 2968 se
1075 2905 1107 2967 in
1121 2905 1290 2995 medium]

190 3051 200 3081 1
214 3027 342 3101 pugnae
359 3002 553 3073 discrimen
570 3003 735 3088 immisit,
750 3001 1066 3101 obtruncatisque,
1084 3007 1147 3102 qui
1162 3031 1287 3105 prom-

213 3115 309 3210 ptius
328 3111 566 3200 resistebant,
584 3135 751 3208 magnam
769 3127 910 3208 partem
928 3113 1089 3185 hostium
1108 3117 1284 3213 propulit.

186 3261 200 3292 2
213 3227 408 3320 Coeperant
424 3219 548 3316 fugere
560 3222 714 3291 victores
730 3249 738 3290 ε
760 3218 832 3318 [et]
846 3221 962 3292 donec
977 3223 1115 3294 avidius
1129 3250 1285 3323 sequen·

173 3353 175 3356 ⁴
212 3345 266 3402 tes
287 3333 325 3430 in
342 3330 492 3429 planum
510 3329 710 3418 deduxere,
731 3330 838 3401 inulti
857 3331 1055 3421 cadebant;
1075 3333 1139 3404 sed
1155 3351 1196 3406 ut
1213 3339 1285 3435 pri-

250 3561 272 3590 t.
291 3545 413 3591 Plutarch.
425 3545 547 3608 Agesilas,
560 3563 612 3611 cap,
626 3549 670 3597 25.
767 3555 826 3592 tum.
836 3545 907 3608 Agis,
920 3544 1010 3609 dequo
1021 3563 1102 3594 sermo
1113 3557 1161 3605 est,
1172 3550 1284 3598 Lacedae·

247 3641 271 3672 a.
290 3625 417 3671 AEschiuea
428 3636 513 3672 contra
523 3626 721 3691 Ctesiphontem
766 3624 907 3671 mertiorum
919 3640 976 3683 rex,
988 3625 1139 3674 Archidamo
1153 3630 1219 3691 patri
1232 3646 1280 3678 no·

211 3705 344 3769 Polybius,
356 3705 401 3752 lib.
413 3707 453 3762 ΙΙ,
466 3722 518 3770 capg
531 3710 572 3764 48,
765 3718 820 3748 vem
830 3702 920 3750 abhinc
931 3705 1002 3751 annis
1011 3717 1172 3769 successerat,
1184 3709 1278 3773 olymp.

248 3787 270 3832 3.
288 3785 427 3842 AEschiues,
441 3786 501 3833 ibid,
769 3782 829 3839 108,
843 3798 911 3830 anno
927 3785 954 3842 3,
973 3794 1029 3831 aute
1041 3800 1150 3848 pugnam
1163 3787 1195 3833 ad
1209 3788 1279 3837 Chae-

246 3873 269 3920 4.
288 3865 489 3922 Pausanias‚lib.
502 3868 522 3912 1.
591 3912 595 3918 ,
765 3877 888 3920 rouaeam,
903 3863 926 3910 8.

246 3943 269 3990 5.
288 3940 400 3997 Curtius,
411 3942 455 3988 lib.
464 3945 515 4000 VI,
528 3960 580 4007 cap.
594 3941 643 4008 1‚§
656 3960 695 3991 ro.
801 3966 825 3996 α.
839 3951 933 4014 Fugere
941 3951 1054 4001 victores.
1068 3953 1233 4013 Macedones,
1244 3956 1278 4002 si·

247 4036 269 4067 1.
282 4023 374 4083 Pugnoe
384 4019 521 4069 discrimen.
533 4020 574 4068 Ad
581 4021 633 4069 haec
641 4038 720 4086 usque
765 4028 853 4074 mulata
861 4064 868 4088 ,
877 4040 903 4076 ut
912 4030 1019 4090 videtur,
1027 4032 1090 4095 fuga.
1097 4033 1278 4097 -Inplanum

210 4098 282 4147 verba
291 4101 397 4164 pertinet
402 4101 563 4149 Freinshemii
567 4101 721 4166 supplemen·
764 4107 896 4158 deduxere.
905 4109 943 4156 Ex
951 4111 1081 4174 angustiis,
1091 4126 1146 4174 quse
1154 4127 1201 4175 pro
1207 4112 1280 4162 Lace·
