<?xml version="1.0" encoding="UTF-8"?>
<!DOCTYPE html PUBLIC "-//W3C//DTD XHTML 1.0 Transitional//EN"
    "http://www.w3.org/TR/xhtml1/DTD/xhtml1-transitional.dtd">
<html xmlns="http://www.w3.org/1999/xhtml" xml:lang="en" lang="en">
 <head>
  <title>
</title>
<meta http-equiv="Content-Type" content="text/html;charset=utf-8" />
  <meta name='ocr-system' content='tesseract 3.04.00' />
  <meta name='ocr-capabilities' content='ocr_page ocr_carea ocr_par ocr_line ocrx_word'/>
</head>
<body>
  <div class='ocr_page' id='page_1' title='image "bibliothecaclas69lemagoog_0051.png"; bbox 0 0 2662 4836; ppageno 0'>
   <div class='ocr_carea' id='block_1_1' title="bbox 214 340 958 424">
    <p class='ocr_par' dir='ltr' id='par_1_1' title="bbox 214 340 958 424">
     <span class='ocr_line' id='line_1_1' title="bbox 214 340 958 424; baseline -0.004 -16"><span class='ocrx_word' id='word_1_1' title='bbox 214 344 255 408; x_wconf 82' lang='lat'><strong>36</strong></span> <span class='ocrx_word' id='word_1_2' title='bbox 533 344 575 424; x_wconf 87' lang='lat' dir='ltr'><strong>Q.</strong></span> <span class='ocrx_word' id='word_1_3' title='bbox 610 340 800 406; x_wconf 76' lang='lat' dir='ltr'><strong>curru</strong></span> <span class='ocrx_word' id='word_1_4' title='bbox 832 341 958 406; x_wconf 82' lang='lat' dir='ltr'><strong>narr</strong></span> 
     </span>
    </p>
   </div>
   <div class='ocr_carea' id='block_1_2' title="bbox 171 454 1300 1973">
    <p class='ocr_par' dir='ltr' id='par_1_2' title="bbox 212 454 1277 662">
     <span class='ocr_line' id='line_1_2' title="bbox 213 454 1277 552; baseline 0 -27"><span class='ocrx_word' id='word_1_5' title='bbox 213 454 340 540; x_wconf 91' lang='lat' dir='ltr'><strong>vellet,</strong></span> <span class='ocrx_word' id='word_1_6' title='bbox 361 455 581 552; x_wconf 86' lang='lat' dir='ltr'><strong>interrogat:</strong></span> <span class='ocrx_word' id='word_1_7' title='bbox 601 470 636 526; x_wconf 89' lang='lat' dir='ltr'><strong>et</strong></span> <span class='ocrx_word' id='word_1_8' title='bbox 655 455 736 542; x_wconf 94' lang='lat' dir='ltr'><strong>illa,</strong></span> <span class='ocrx_word' id='word_1_9' title='bbox 761 470 941 543; x_wconf 88' lang='lat' dir='ltr'><strong>caussata,</strong></span> <span class='ocrx_word' id='word_1_10' title='bbox 964 456 1041 526; x_wconf 93' lang='lat' dir='ltr'><strong>sine</strong></span> <span class='ocrx_word' id='word_1_11' title='bbox 1056 454 1206 527; x_wconf 91' lang='lat' dir='ltr'><strong>custode</strong></span> <span class='ocrx_word' id='word_1_12' title='bbox 1222 479 1277 525; x_wconf 88' lang='lat' dir='ltr'><strong>re-</strong></span> 
     </span>
     <span class='ocr_line' id='line_1_3' title="bbox 212 563 1277 662; baseline 0 -28"><span class='ocrx_word' id='word_1_13' title='bbox 212 588 324 662; x_wconf 90' lang='lat' dir='ltr'><strong>gnum</strong></span> <span class='ocrx_word' id='word_1_14' title='bbox 338 563 548 659; x_wconf 82' lang='lat' dir='ltr'>reliquisse,</span> <span class='ocrx_word' id='word_1_15' title='bbox 572 578 695 661; x_wconf 90' lang='lat' dir='ltr'><strong>petere</strong></span> <span class='ocrx_word' id='word_1_16' title='bbox 721 564 992 660; x_wconf 82' lang='lat' dir='ltr'><strong>perseverabat,</strong></span> <span class='ocrx_word' id='word_1_17' title='bbox 1013 590 1059 636; x_wconf 92' lang='lat' dir='ltr'><strong>ne</strong></span> <span class='ocrx_word' id='word_1_18' title='bbox 1081 590 1118 637; x_wconf 94' lang='lat' dir='ltr'><strong>se</strong></span> <span class='ocrx_word' id='word_1_19' title='bbox 1139 564 1277 635; x_wconf 83' lang='lat' dir='ltr'><strong>irritam</strong></span> 
     </span>
    </p>

    <p class='ocr_par' dir='ltr' id='par_1_3' title="bbox 171 671 1277 1182">
     <span class='ocr_line' id='line_1_4' title="bbox 171 671 1276 771; baseline 0.002 -27"><span class='ocrx_word' id='word_1_20' title='bbox 171 707 201 752; x_wconf 75' lang='lat'><strong>³2</strong></span> <span class='ocrx_word' id='word_1_21' title='bbox 212 675 289 771; x_wconf 93' lang='lat' dir='ltr'><strong>spei</strong></span> <span class='ocrx_word' id='word_1_22' title='bbox 308 687 496 771; x_wconf 91' lang='lat' dir='ltr'><strong>pateretur</strong></span> <span class='ocrx_word' id='word_1_23' title='bbox 512 671 623 744; x_wconf 89' lang='lat' dir='ltr'><strong>abire.</strong></span> <span class='ocrx_word' id='word_1_24' title='bbox 648 673 774 763; x_wconf 77' lang='lat' dir='ltr'><strong>Acrior</strong></span> <span class='ocrx_word' id='word_1_25' title='bbox 790 675 834 744; x_wconf 95' lang='lat' dir='ltr'><strong>ad</strong></span> <span class='ocrx_word' id='word_1_26' title='bbox 858 679 1032 746; x_wconf 88' lang='lat' dir='ltr'><strong>Venerem</strong></span> <span class='ocrx_word' id='word_1_27' title='bbox 1057 673 1198 746; x_wconf 86' lang='lat' dir='ltr'><strong>feminae</strong></span> <span class='ocrx_word' id='word_1_28' title='bbox 1218 700 1276 746; x_wconf 93' lang='lat' dir='ltr'><strong>cu·</strong></span> 
     </span>
     <span class='ocr_line' id='line_1_5' title="bbox 211 783 1276 884; baseline 0.004 -32"><span class='ocrx_word' id='word_1_29' title='bbox 211 785 297 881; x_wconf 92' lang='lat' dir='ltr'><strong>pido</strong></span> <span class='ocrx_word' id='word_1_30' title='bbox 315 807 424 880; x_wconf 93' lang='lat' dir='ltr'><strong>quam</strong></span> <span class='ocrx_word' id='word_1_31' title='bbox 446 783 559 878; x_wconf 91' lang='lat' dir='ltr'><strong>regis,</strong></span> <span class='ocrx_word' id='word_1_32' title='bbox 589 797 630 852; x_wconf 92' lang='lat' dir='ltr'><strong>ut</strong></span> <span class='ocrx_word' id='word_1_33' title='bbox 646 806 778 880; x_wconf 90' lang='lat' dir='ltr'><strong>paucos</strong></span> <span class='ocrx_word' id='word_1_34' title='bbox 799 784 874 855; x_wconf 89' lang='lat' dir='ltr'><strong>dies</strong></span> <span class='ocrx_word' id='word_1_35' title='bbox 890 784 1120 873; x_wconf 87' lang='lat' dir='ltr'><strong>subsisteret,</strong></span> <span class='ocrx_word' id='word_1_36' title='bbox 1142 811 1276 884; x_wconf 90' lang='lat' dir='ltr'><strong>perpu-</strong></span> 
     </span>
     <span class='ocr_line' id='line_1_6' title="bbox 211 890 1275 992; baseline 0.002 -29"><span class='ocrx_word' id='word_1_37' title='bbox 211 893 273 980; x_wconf 92' lang='lat' dir='ltr'><strong>lit;</strong></span> <span class='ocrx_word' id='word_1_38' title='bbox 301 918 364 962; x_wconf 86' lang='lat' dir='ltr'><strong>xm</strong></span> <span class='ocrx_word' id='word_1_39' title='bbox 391 892 467 962; x_wconf 92' lang='lat' dir='ltr'><strong>dies</strong></span> <span class='ocrx_word' id='word_1_40' title='bbox 494 893 532 961; x_wconf 93' lang='lat' dir='ltr'><strong>in</strong></span> <span class='ocrx_word' id='word_1_41' title='bbox 555 890 774 988; x_wconf 89' lang='lat' dir='ltr'><strong>obsequium</strong></span> <span class='ocrx_word' id='word_1_42' title='bbox 799 892 967 964; x_wconf 92' lang='lat' dir='ltr'><strong>desiderii</strong></span> <span class='ocrx_word' id='word_1_43' title='bbox 992 894 1068 988; x_wconf 88' lang='lat' dir='ltr'><strong>ejus</strong></span> <span class='ocrx_word' id='word_1_44' title='bbox 1096 891 1275 992; x_wconf 85' lang='lat' dir='ltr'><strong>absumpti</strong></span> 
     </span>
     <span class='ocr_line' id='line_1_7' title="bbox 211 1001 1277 1102; baseline 0.004 -31"><span class='ocrx_word' id='word_1_45' title='bbox 211 1015 307 1072; x_wconf 88' lang='lat' dir='ltr'><strong>sunt.</strong></span> <span class='ocrx_word' id='word_1_46' title='bbox 338 1007 429 1071; x_wconf 93' lang='lat' dir='ltr'><strong>Tum</strong></span> <span class='ocrx_word' id='word_1_47' title='bbox 454 1001 514 1071; x_wconf 91' lang='lat' dir='ltr'><strong>illa</strong></span> <span class='ocrx_word' id='word_1_48' title='bbox 545 1025 697 1097; x_wconf 90' lang='lat' dir='ltr'><strong>regnum</strong></span> <span class='ocrx_word' id='word_1_49' title='bbox 725 1026 851 1089; x_wconf 89' lang='lat' dir='ltr'><strong>suum,</strong></span> <span class='ocrx_word' id='word_1_50' title='bbox 879 1027 943 1073; x_wconf 85' lang='lat' dir='ltr'><strong>rex</strong></span> <span class='ocrx_word' id='word_1_51' title='bbox 971 1002 1189 1075; x_wconf 88' lang='lat' dir='ltr'><strong>Parthienen</strong></span> <span class='ocrx_word' id='word_1_52' title='bbox 1215 1029 1277 1102; x_wconf 92' lang='lat' dir='ltr'><strong>pe·</strong></span> 
     </span>
     <span class='ocr_line' id='line_1_8' title="bbox 209 1125 382 1182; baseline -0.006 0"><span class='ocrx_word' id='word_1_53' title='bbox 209 1125 382 1182; x_wconf 82' lang='lat' dir='ltr'><strong>trverunt.</strong></span> 
     </span>
    </p>

    <p class='ocr_par' dir='ltr' id='par_1_4' title="bbox 188 1217 1279 1536">
     <span class='ocr_line' id='line_1_9' title="bbox 188 1217 1279 1316; baseline 0.001 -25"><span class='ocrx_word' id='word_1_54' title='bbox 188 1272 199 1302; x_wconf 74' lang='lat'><strong>,</strong></span> <span class='ocrx_word' id='word_1_55' title='bbox 261 1225 322 1291; x_wconf 92' lang='lat' dir='ltr'><strong>Vl.</strong></span> <span class='ocrx_word' id='word_1_56' title='bbox 348 1219 413 1288; x_wconf 91' lang='lat' dir='ltr'><strong>Hie</strong></span> <span class='ocrx_word' id='word_1_57' title='bbox 438 1241 525 1288; x_wconf 91' lang='lat' dir='ltr'><strong>vero</strong></span> <span class='ocrx_word' id='word_1_58' title='bbox 552 1217 669 1316; x_wconf 89' lang='lat' dir='ltr'><strong>palam</strong></span> <span class='ocrx_word' id='word_1_59' title='bbox 699 1218 911 1316; x_wconf 90' lang='lat' dir='ltr'><strong>cupiditates</strong></span> <span class='ocrx_word' id='word_1_60' title='bbox 934 1244 1016 1290; x_wconf 91' lang='lat' dir='ltr'><strong>suas</strong></span> <span class='ocrx_word' id='word_1_61' title='bbox 1041 1220 1171 1307; x_wconf 86' lang='lat' dir='ltr'><strong>solvit;</strong></span> <span class='ocrx_word' id='word_1_62' title='bbox 1195 1245 1279 1292; x_wconf 89' lang='lat' dir='ltr'><strong>con·</strong></span> 
     </span>
     <span class='ocr_line' id='line_1_10' title="bbox 212 1318 1277 1427; baseline 0.002 -28"><span class='ocrx_word' id='word_1_63' title='bbox 212 1330 476 1427; x_wconf 89' lang='lat' dir='ltr'><strong>tinentiamque</strong></span> <span class='ocrx_word' id='word_1_64' title='bbox 496 1342 532 1398; x_wconf 90' lang='lat' dir='ltr'><strong>et</strong></span> <span class='ocrx_word' id='word_1_65' title='bbox 548 1318 856 1406; x_wconf 88' lang='lat' dir='ltr'><strong>moderationem,</strong></span> <span class='ocrx_word' id='word_1_66' title='bbox 879 1328 917 1397; x_wconf 92' lang='lat' dir='ltr'><strong>in</strong></span> <span class='ocrx_word' id='word_1_67' title='bbox 940 1329 1109 1400; x_wconf 88' lang='lat' dir='ltr'><strong>altissima</strong></span> <span class='ocrx_word' id='word_1_68' title='bbox 1131 1355 1277 1427; x_wconf 86' lang='lat' dir='ltr'><strong>quaque</strong></span> 
     </span>
     <span class='ocr_line' id='line_1_11' title="bbox 212 1437 1277 1536; baseline 0.002 -26"><span class='ocrx_word' id='word_1_69' title='bbox 212 1439 358 1512; x_wconf 85' lang='lat' dir='ltr'><strong>fortuna</strong></span> <span class='ocrx_word' id='word_1_70' title='bbox 383 1438 579 1509; x_wconf 89' lang='lat' dir='ltr'><strong>eminentia</strong></span> <span class='ocrx_word' id='word_1_71' title='bbox 600 1437 714 1523; x_wconf 92' lang='lat' dir='ltr'><strong>bona,</strong></span> <span class='ocrx_word' id='word_1_72' title='bbox 741 1440 780 1508; x_wconf 92' lang='lat' dir='ltr'><strong>in</strong></span> <span class='ocrx_word' id='word_1_73' title='bbox 804 1437 1010 1536; x_wconf 88' lang='lat' dir='ltr'><strong>superbiam</strong></span> <span class='ocrx_word' id='word_1_74' title='bbox 1033 1465 1073 1511; x_wconf 91' lang='lat' dir='ltr'><strong>ac</strong></span> <span class='ocrx_word' id='word_1_75' title='bbox 1098 1438 1277 1512; x_wconf 89' lang='lat' dir='ltr'><strong>lasciviam</strong></span> 
     </span>
    </p>

    <p class='ocr_par' dir='ltr' id='par_1_5' title="bbox 186 1547 1278 1864">
     <span class='ocr_line' id='line_1_12' title="bbox 186 1547 1278 1645; baseline 0.002 -26"><span class='ocrx_word' id='word_1_76' title='bbox 186 1551 331 1629; x_wconf 73' lang='lat' dir='ltr'><strong>,vertit</strong></span> <span class='ocrx_word' id='word_1_77' title='bbox 352 1548 490 1617; x_wconf 88' lang='lat' dir='ltr'><strong>Patrios</strong></span> <span class='ocrx_word' id='word_1_78' title='bbox 511 1570 630 1616; x_wconf 92' lang='lat' dir='ltr'><strong>mores</strong></span> <span class='ocrx_word' id='word_1_79' title='bbox 647 1547 945 1645; x_wconf 88' lang='lat' dir='ltr'><strong>disciplinamque</strong></span> <span class='ocrx_word' id='word_1_80' title='bbox 965 1549 1206 1619; x_wconf 89' lang='lat' dir='ltr'><strong>Macedonum</strong></span> <span class='ocrx_word' id='word_1_81' title='bbox 1221 1575 1278 1622; x_wconf 92' lang='lat' dir='ltr'><strong>re·</strong></span> 
     </span>
     <span class='ocr_line' id='line_1_13' title="bbox 209 1654 1276 1755; baseline 0.003 -28"><span class='ocrx_word' id='word_1_82' title='bbox 209 1682 294 1755; x_wconf 91' lang='lat' dir='ltr'><strong>gum</strong></span> <span class='ocrx_word' id='word_1_83' title='bbox 314 1654 505 1726; x_wconf 88' lang='lat' dir='ltr'><strong>salubriter</strong></span> <span class='ocrx_word' id='word_1_84' title='bbox 522 1669 781 1751; x_wconf 89' lang='lat' dir='ltr'><strong>temperatam,</strong></span> <span class='ocrx_word' id='word_1_85' title='bbox 801 1671 837 1728; x_wconf 86' lang='lat' dir='ltr'><strong>et</strong></span> <span class='ocrx_word' id='word_1_86' title='bbox 853 1656 995 1727; x_wconf 90' lang='lat' dir='ltr'><strong>civilem</strong></span> <span class='ocrx_word' id='word_1_87' title='bbox 1014 1657 1196 1744; x_wconf 90' lang='lat' dir='ltr'><strong>habitum,</strong></span> <span class='ocrx_word' id='word_1_88' title='bbox 1216 1684 1276 1731; x_wconf 90' lang='lat' dir='ltr'><strong>ve·</strong></span> 
     </span>
     <span class='ocr_line' id='line_1_14' title="bbox 210 1763 1277 1864; baseline 0 -28"><span class='ocrx_word' id='word_1_89' title='bbox 210 1766 264 1836; x_wconf 86' lang='lat' dir='ltr'><strong>lut</strong></span> <span class='ocrx_word' id='word_1_90' title='bbox 287 1763 423 1835; x_wconf 90' lang='lat' dir='ltr'><strong>leviora</strong></span> <span class='ocrx_word' id='word_1_91' title='bbox 446 1764 693 1858; x_wconf 82' lang='lat' dir='ltr'><strong>magnitudine</strong></span> <span class='ocrx_word' id='word_1_92' title='bbox 716 1765 963 1852; x_wconf 87' lang='lat' dir='ltr'><strong>suaducens,</strong></span> <span class='ocrx_word' id='word_1_93' title='bbox 986 1767 1131 1862; x_wconf 75' lang='lat' dir='ltr'><strong>persicae</strong></span> <span class='ocrx_word' id='word_1_94' title='bbox 1156 1768 1277 1864; x_wconf 83' lang='lat' dir='ltr'><strong>regiae,</strong></span> 
     </span>
    </p>

    <p class='ocr_par' dir='ltr' id='par_1_6' title="bbox 187 1873 1300 1973">
     <span class='ocr_line' id='line_1_15' title="bbox 187 1873 1300 1973; baseline 0.004 -28"><span class='ocrx_word' id='word_1_95' title='bbox 187 1899 277 1973; x_wconf 77' lang='lat' dir='ltr'><strong>3par</strong></span> <span class='ocrx_word' id='word_1_96' title='bbox 296 1873 449 1944; x_wconf 89' lang='lat' dir='ltr'><strong>deorum</strong></span> <span class='ocrx_word' id='word_1_97' title='bbox 471 1874 658 1967; x_wconf 76' lang='lat' dir='ltr'><strong>potentiae,</strong></span> <span class='ocrx_word' id='word_1_98' title='bbox 685 1873 864 1971; x_wconf 84' lang='lat' dir='ltr'><strong>fastigium</strong></span> <span class='ocrx_word' id='word_1_99' title='bbox 885 1874 1128 1945; x_wconf 84' lang='lat' dir='ltr'><strong>aemulabatur.</strong></span> <span class='ocrx_word' id='word_1_100' title='bbox 1153 1881 1278 1950; x_wconf 79' lang='lat' dir='ltr'><strong>tacere</strong></span> <span class='ocrx_word' id='word_1_101' title='bbox 1298 1957 1300 1960; x_wconf 56' lang='grc'><strong>,</strong></span> 
     </span>
    </p>
   </div>
   <div class='ocr_carea' id='block_1_3' title="bbox 208 2079 1280 4114">
    <p class='ocr_par' dir='ltr' id='par_1_7' title="bbox 211 2079 1279 2376">
     <span class='ocr_line' id='line_1_16' title="bbox 240 2079 1279 2149; baseline 0.005 -19"><span class='ocrx_word' id='word_1_102' title='bbox 240 2079 722 2140; x_wconf 70' lang='lat' dir='ltr'><strong>32.Partliienen.Chuotamade.4‚23.</strong></span> <span class='ocrx_word' id='word_1_103' title='bbox 767 2082 876 2143; x_wconf 86' lang='lat' dir='ltr'><strong>donum,</strong></span> <span class='ocrx_word' id='word_1_104' title='bbox 892 2083 926 2129; x_wconf 85' lang='lat' dir='ltr'><strong>ita</strong></span> <span class='ocrx_word' id='word_1_105' title='bbox 942 2093 1088 2148; x_wconf 87' lang='lat' dir='ltr'><strong>temperata,</strong></span> <span class='ocrx_word' id='word_1_106' title='bbox 1106 2095 1134 2132; x_wconf 90' lang='lat' dir='ltr'><strong>ut</strong></span> <span class='ocrx_word' id='word_1_107' title='bbox 1150 2101 1219 2149; x_wconf 87' lang='lat' dir='ltr'><strong>reges</strong></span> <span class='ocrx_word' id='word_1_108' title='bbox 1233 2103 1279 2134; x_wconf 86' lang='lat' dir='ltr'><strong>nee</strong></span> 
     </span>
     <span class='ocr_line' id='line_1_17' title="bbox 212 2159 1277 2224; baseline 0.004 -16"><span class='ocrx_word' id='word_1_109' title='bbox 212 2163 250 2208; x_wconf 88' lang='lat' dir='ltr'><strong>Ex</strong></span> <span class='ocrx_word' id='word_1_110' title='bbox 265 2160 389 2224; x_wconf 77' lang='lat' dir='ltr'><strong>Hyrcania</strong></span> <span class='ocrx_word' id='word_1_111' title='bbox 405 2159 573 2207; x_wconf 82' lang='lat' dir='ltr'><strong>Alexandrum</strong></span> <span class='ocrx_word' id='word_1_112' title='bbox 588 2160 677 2207; x_wconf 85' lang='lat' dir='ltr'><strong>iterum</strong></span> <span class='ocrx_word' id='word_1_113' title='bbox 696 2162 723 2209; x_wconf 89' lang='lat' dir='ltr'><strong>iu</strong></span> <span class='ocrx_word' id='word_1_114' title='bbox 766 2176 813 2224; x_wconf 86' lang='lat' dir='ltr'><strong>pro</strong></span> <span class='ocrx_word' id='word_1_115' title='bbox 828 2160 875 2207; x_wconf 89' lang='lat' dir='ltr'><strong>diis</strong></span> <span class='ocrx_word' id='word_1_116' title='bbox 886 2161 1028 2208; x_wconf 87' lang='lat' dir='ltr'><strong>viderentur</strong></span> <span class='ocrx_word' id='word_1_117' title='bbox 1040 2161 1152 2223; x_wconf 85' lang='lat' dir='ltr'><strong>colendi,</strong></span> <span class='ocrx_word' id='word_1_118' title='bbox 1169 2180 1216 2212; x_wconf 84' lang='lat' dir='ltr'><strong>nec</strong></span> <span class='ocrx_word' id='word_1_119' title='bbox 1230 2167 1277 2212; x_wconf 89' lang='lat' dir='ltr'><strong>mi·</strong></span> 
     </span>
     <span class='ocr_line' id='line_1_18' title="bbox 211 2237 1277 2304; baseline 0.006 -18"><span class='ocrx_word' id='word_1_120' title='bbox 211 2239 350 2303; x_wconf 72' lang='lat' dir='ltr'><strong>Parthyene</strong></span> <span class='ocrx_word' id='word_1_121' title='bbox 364 2237 518 2285; x_wconf 81' lang='lat' dir='ltr'><strong>contendisse</strong></span> <span class='ocrx_word' id='word_1_122' title='bbox 534 2247 634 2285; x_wconf 85' lang='lat' dir='ltr'><strong>testatur</strong></span> <span class='ocrx_word' id='word_1_123' title='bbox 650 2238 722 2284; x_wconf 85' lang='lat' dir='ltr'><strong>etiam</strong></span> <span class='ocrx_word' id='word_1_124' title='bbox 766 2240 823 2287; x_wconf 88' lang='lat' dir='ltr'><strong>nori</strong></span> <span class='ocrx_word' id='word_1_125' title='bbox 838 2255 911 2302; x_wconf 87' lang='lat' dir='ltr'><strong>quam</strong></span> <span class='ocrx_word' id='word_1_126' title='bbox 923 2251 1031 2304; x_wconf 86' lang='lat' dir='ltr'><strong>parerat</strong></span> <span class='ocrx_word' id='word_1_127' title='bbox 1045 2241 1161 2304; x_wconf 86' lang='lat' dir='ltr'><strong>dignitate</strong></span> <span class='ocrx_word' id='word_1_128' title='bbox 1174 2244 1277 2292; x_wconf 81' lang='lat' dir='ltr'><strong>excelle·</strong></span> 
     </span>
     <span class='ocr_line' id='line_1_19' title="bbox 212 2316 1276 2376; baseline -0.001 -9"><span class='ocrx_word' id='word_1_129' title='bbox 212 2319 310 2367; x_wconf 83' lang='lat' dir='ltr'><strong>Arrian.</strong></span> <span class='ocrx_word' id='word_1_130' title='bbox 319 2320 371 2376; x_wconf 93' lang='lat' dir='ltr'><strong>III,</strong></span> <span class='ocrx_word' id='word_1_131' title='bbox 383 2317 431 2374; x_wconf 79' lang='lat'><strong>25,</strong></span> <span class='ocrx_word' id='word_1_132' title='bbox 444 2327 467 2364; x_wconf 90' lang='lat' dir='ltr'><strong>et</strong></span> <span class='ocrx_word' id='word_1_133' title='bbox 478 2317 540 2364; x_wconf 85' lang='lat' dir='ltr'><strong>Plut.</strong></span> <span class='ocrx_word' id='word_1_134' title='bbox 550 2318 622 2365; x_wconf 87' lang='lat' dir='ltr'><strong>Alex.</strong></span> <span class='ocrx_word' id='word_1_135' title='bbox 632 2334 651 2364; x_wconf 92' lang='lat' dir='ltr'><strong>e.</strong></span> <span class='ocrx_word' id='word_1_136' title='bbox 664 2316 705 2372; x_wconf 74' lang='lat' dir='ltr'><strong>lt.</strong></span> <span class='ocrx_word' id='word_1_137' title='bbox 767 2326 835 2374; x_wconf 88' lang='lat' dir='ltr'><strong>rent;</strong></span> <span class='ocrx_word' id='word_1_138' title='bbox 854 2316 946 2364; x_wconf 82' lang='lat' dir='ltr'><strong>civilem</strong></span> <span class='ocrx_word' id='word_1_139' title='bbox 966 2316 1084 2375; x_wconf 68' lang='lat' dir='ltr'><strong>mimam,</strong></span> <span class='ocrx_word' id='word_1_140' title='bbox 1105 2319 1201 2368; x_wconf 87' lang='lat' dir='ltr'><strong>civibus</strong></span> <span class='ocrx_word' id='word_1_141' title='bbox 1221 2337 1276 2368; x_wconf 86' lang='lat' dir='ltr'><strong>cnm</strong></span> 
     </span>
    </p>

    <p class='ocr_par' dir='ltr' id='par_1_8' title="bbox 208 2394 1280 3798">
     <span class='ocr_line' id='line_1_20' title="bbox 251 2394 1278 2465; baseline 0.003 -20"><span class='ocrx_word' id='word_1_142' title='bbox 251 2415 273 2446; x_wconf 85' lang='lat'><strong>1.</strong></span> <span class='ocrx_word' id='word_1_143' title='bbox 291 2394 436 2461; x_wconf 83' lang='lat' dir='ltr'><strong>Cupiditates</strong></span> <span class='ocrx_word' id='word_1_144' title='bbox 456 2413 514 2443; x_wconf 88' lang='lat' dir='ltr'><strong>suas</strong></span> <span class='ocrx_word' id='word_1_145' title='bbox 531 2395 609 2444; x_wconf 75' lang='lat' dir='ltr'><strong>solvit.</strong></span> <span class='ocrx_word' id='word_1_146' title='bbox 631 2395 723 2442; x_wconf 85' lang='lat' dir='ltr'><strong>Similia</strong></span> <span class='ocrx_word' id='word_1_147' title='bbox 767 2395 879 2458; x_wconf 87' lang='lat' dir='ltr'><strong>principe</strong></span> <span class='ocrx_word' id='word_1_148' title='bbox 887 2396 1219 2461; x_wconf 83' lang='lat' dir='ltr'><strong>communem,paulluluma</strong></span> <span class='ocrx_word' id='word_1_149' title='bbox 1229 2401 1278 2465; x_wconf 88' lang='lat' dir='ltr'><strong>pri-</strong></span> 
     </span>
     <span class='ocr_line' id='line_1_21' title="bbox 213 2474 1279 2540; baseline 0.001 -14"><span class='ocrx_word' id='word_1_150' title='bbox 213 2478 311 2526; x_wconf 86' lang='lat' dir='ltr'><strong>Curtius</strong></span> <span class='ocrx_word' id='word_1_151' title='bbox 321 2479 371 2537; x_wconf 85' lang='lat' dir='ltr'><strong>jam</strong></span> <span class='ocrx_word' id='word_1_152' title='bbox 381 2492 469 2540; x_wconf 82' lang='lat' dir='ltr'><strong>supra,</strong></span> <span class='ocrx_word' id='word_1_153' title='bbox 483 2493 505 2523; x_wconf 86' lang='lat' dir='ltr'><strong>e.</strong></span> <span class='ocrx_word' id='word_1_154' title='bbox 519 2493 532 2522; x_wconf 82' lang='lat' dir='ltr'><strong>a</strong></span> <span class='ocrx_word' id='word_1_155' title='bbox 542 2511 549 2532; x_wconf 90' lang='lat'><strong>‚</strong></span> <span class='ocrx_word' id='word_1_156' title='bbox 562 2475 656 2538; x_wconf 75' lang='lat' dir='ltr'><strong>princ,</strong></span> <span class='ocrx_word' id='word_1_157' title='bbox 665 2490 723 2521; x_wconf 88' lang='lat' dir='ltr'><strong>nar·</strong></span> <span class='ocrx_word' id='word_1_158' title='bbox 767 2485 824 2522; x_wconf 86' lang='lat' dir='ltr'><strong>vato</strong></span> <span class='ocrx_word' id='word_1_159' title='bbox 830 2474 1016 2535; x_wconf 86' lang='lat' dir='ltr'><strong>abhorrentem,</strong></span> <span class='ocrx_word' id='word_1_160' title='bbox 1024 2487 1051 2523; x_wconf 88' lang='lat' dir='ltr'><strong>ut</strong></span> <span class='ocrx_word' id='word_1_161' title='bbox 1060 2492 1134 2539; x_wconf 84' lang='lat' dir='ltr'><strong>snpra</strong></span> <span class='ocrx_word' id='word_1_162' title='bbox 1141 2476 1220 2539; x_wconf 86' lang='lat' dir='ltr'><strong>dixit,</strong></span> <span class='ocrx_word' id='word_1_163' title='bbox 1229 2482 1279 2538; x_wconf 86' lang='lat'><strong>111,</strong></span> 
     </span>
     <span class='ocr_line' id='line_1_22' title="bbox 213 2553 1278 2622; baseline -0.002 -19"><span class='ocrx_word' id='word_1_164' title='bbox 213 2557 282 2603; x_wconf 87' lang='lat' dir='ltr'><strong>ravit.</strong></span> <span class='ocrx_word' id='word_1_165' title='bbox 305 2555 420 2602; x_wconf 89' lang='lat' dir='ltr'><strong>Similiter</strong></span> <span class='ocrx_word' id='word_1_166' title='bbox 446 2563 469 2600; x_wconf 88' lang='lat' dir='ltr'><strong>et</strong></span> <span class='ocrx_word' id='word_1_167' title='bbox 493 2553 534 2600; x_wconf 86' lang='lat' dir='ltr'><strong>alii</strong></span> <span class='ocrx_word' id='word_1_168' title='bbox 554 2553 724 2601; x_wconf 75' lang='lat' dir='ltr'><strong>Alexandrum</strong></span> <span class='ocrx_word' id='word_1_169' title='bbox 768 2553 1175 2614; x_wconf 78' lang='lat' dir='ltr'><strong>6,9.Haecomniaoelutleviora</strong></span> <span class='ocrx_word' id='word_1_170' title='bbox 1184 2558 1278 2622; x_wconf 78' lang='lat' dir='ltr'><strong>magni·</strong></span> 
     </span>
     <span class='ocr_line' id='line_1_23' title="bbox 212 2631 1278 2699; baseline -0.004 -19"><span class='ocrx_word' id='word_1_171' title='bbox 212 2636 318 2682; x_wconf 83' lang='lat' dir='ltr'><strong>maxime</strong></span> <span class='ocrx_word' id='word_1_172' title='bbox 339 2644 394 2697; x_wconf 88' lang='lat' dir='ltr'><strong>post</strong></span> <span class='ocrx_word' id='word_1_173' title='bbox 415 2641 518 2678; x_wconf 88' lang='lat' dir='ltr'><strong>mortem</strong></span> <span class='ocrx_word' id='word_1_174' title='bbox 536 2632 605 2678; x_wconf 85' lang='lat' dir='ltr'><strong>Darii</strong></span> <span class='ocrx_word' id='word_1_175' title='bbox 623 2633 650 2679; x_wconf 89' lang='lat' dir='ltr'><strong>in</strong></span> <span class='ocrx_word' id='word_1_176' title='bbox 664 2631 724 2679; x_wconf 83' lang='lat' dir='ltr'><strong>vitia</strong></span> <span class='ocrx_word' id='word_1_177' title='bbox 768 2631 850 2678; x_wconf 81' lang='lat' dir='ltr'><strong>tudine</strong></span> <span class='ocrx_word' id='word_1_178' title='bbox 863 2647 908 2678; x_wconf 85' lang='lat' dir='ltr'><strong>sua</strong></span> <span class='ocrx_word' id='word_1_179' title='bbox 920 2631 1024 2692; x_wconf 85' lang='lat' dir='ltr'><strong>ducens,</strong></span> <span class='ocrx_word' id='word_1_180' title='bbox 1037 2632 1278 2699; x_wconf 68' lang='lat' dir='ltr'><strong>aemulabaturfasti.</strong></span> 
     </span>
     <span class='ocr_line' id='line_1_24' title="bbox 212 2708 1278 2776; baseline 0.002 -18"><span class='ocrx_word' id='word_1_181' title='bbox 212 2729 297 2776; x_wconf 83' lang='lat' dir='ltr'><strong>regum</strong></span> <span class='ocrx_word' id='word_1_182' title='bbox 316 2711 469 2774; x_wconf 88' lang='lat' dir='ltr'><strong>persicorum</strong></span> <span class='ocrx_word' id='word_1_183' title='bbox 489 2709 632 2756; x_wconf 85' lang='lat' dir='ltr'><strong>inclinatum</strong></span> <span class='ocrx_word' id='word_1_184' title='bbox 653 2726 721 2769; x_wconf 84' lang='lat' dir='ltr'><strong>esse,</strong></span> <span class='ocrx_word' id='word_1_185' title='bbox 766 2710 834 2773; x_wconf 81' lang='lat' dir='ltr'><strong>giam</strong></span> <span class='ocrx_word' id='word_1_186' title='bbox 847 2708 920 2773; x_wconf 80' lang='lat' dir='ltr'><strong>regine</strong></span> <span class='ocrx_word' id='word_1_187' title='bbox 927 2710 1041 2773; x_wconf 70' lang='lat' dir='ltr'><strong>persicae,</strong></span> <span class='ocrx_word' id='word_1_188' title='bbox 1057 2711 1116 2758; x_wconf 75' lang='lat' dir='ltr'><strong>aulae</strong></span> <span class='ocrx_word' id='word_1_189' title='bbox 1129 2713 1231 2774; x_wconf 80' lang='lat' dir='ltr'><strong>persicae</strong></span> <span class='ocrx_word' id='word_1_190' title='bbox 1244 2717 1278 2764; x_wconf 75' lang='lat' dir='ltr'><strong>fa·</strong></span> 
     </span>
     <span class='ocr_line' id='line_1_25' title="bbox 212 2787 1279 2855; baseline 0.002 -16"><span class='ocrx_word' id='word_1_191' title='bbox 212 2789 450 2848; x_wconf 86' lang='lat' dir='ltr'><strong>tradiderunt.Vide,</strong></span> <span class='ocrx_word' id='word_1_192' title='bbox 455 2798 542 2852; x_wconf 77' lang='lat' dir='ltr'><strong>praeter</strong></span> <span class='ocrx_word' id='word_1_193' title='bbox 548 2789 662 2852; x_wconf 89' lang='lat' dir='ltr'><strong>proprios</strong></span> <span class='ocrx_word' id='word_1_194' title='bbox 667 2788 719 2835; x_wconf 86' lang='lat' dir='ltr'><strong>Ale·</strong></span> <span class='ocrx_word' id='word_1_195' title='bbox 767 2788 881 2850; x_wconf 69' lang='lat' dir='ltr'><strong>sugium,</strong></span> <span class='ocrx_word' id='word_1_196' title='bbox 893 2787 961 2849; x_wconf 88' lang='lat' dir='ltr'><strong>quod</strong></span> <span class='ocrx_word' id='word_1_197' title='bbox 969 2804 1021 2850; x_wconf 81' lang='lat' dir='ltr'><strong>par</strong></span> <span class='ocrx_word' id='word_1_198' title='bbox 1028 2788 1158 2837; x_wconf 84' lang='lat' dir='ltr'><strong>videbatur</strong></span> <span class='ocrx_word' id='word_1_199' title='bbox 1161 2793 1279 2855; x_wconf 69' lang='lat' dir='ltr'><strong>potentiae</strong></span> 
     </span>
     <span class='ocr_line' id='line_1_26' title="bbox 212 2864 1278 2931; baseline -0.003 -15"><span class='ocrx_word' id='word_1_200' title='bbox 212 2870 339 2918; x_wconf 83' lang='lat' dir='ltr'><strong>xandriuae</strong></span> <span class='ocrx_word' id='word_1_201' title='bbox 351 2867 459 2915; x_wconf 85' lang='lat' dir='ltr'><strong>historiae</strong></span> <span class='ocrx_word' id='word_1_202' title='bbox 468 2866 620 2926; x_wconf 88' lang='lat' dir='ltr'><strong>conditores,</strong></span> <span class='ocrx_word' id='word_1_203' title='bbox 629 2867 721 2913; x_wconf 84' lang='lat' dir='ltr'><strong>Athen.</strong></span> <span class='ocrx_word' id='word_1_204' title='bbox 765 2864 872 2912; x_wconf 70' lang='lat' dir='ltr'><strong>deorum</strong></span> <span class='ocrx_word' id='word_1_205' title='bbox 892 2865 937 2910; x_wconf 84' lang='lat' dir='ltr'><strong>His</strong></span> <span class='ocrx_word' id='word_1_206' title='bbox 950 2865 977 2911; x_wconf 90' lang='lat' dir='ltr'><strong>in</strong></span> <span class='ocrx_word' id='word_1_207' title='bbox 991 2865 1132 2914; x_wconf 86' lang='lat' dir='ltr'><strong>universum</strong></span> <span class='ocrx_word' id='word_1_208' title='bbox 1146 2871 1278 2931; x_wconf 66' lang='lat' dir='ltr'><strong>praemissi,</strong></span> 
     </span>
     <span class='ocr_line' id='line_1_27' title="bbox 211 2935 1277 3009; baseline 0.003 -14"><span class='ocrx_word' id='word_1_209' title='bbox 211 2948 256 2996; x_wconf 90' lang='lat' dir='ltr'><strong>lib.</strong></span> <span class='ocrx_word' id='word_1_210' title='bbox 267 2949 333 3005; x_wconf 88' lang='lat' dir='ltr'><strong>XII;</strong></span> <span class='ocrx_word' id='word_1_211' title='bbox 352 2947 473 2993; x_wconf 86' lang='lat' dir='ltr'><strong>Joanuem</strong></span> <span class='ocrx_word' id='word_1_212' title='bbox 492 2940 675 2992; x_wconf 78' lang='lat' dir='ltr'><strong>Antiochenam</strong></span> <span class='ocrx_word' id='word_1_213' title='bbox 693 2945 721 2991; x_wconf 89' lang='lat' dir='ltr'><strong>in</strong></span> <span class='ocrx_word' id='word_1_214' title='bbox 765 2945 858 3009; x_wconf 85' lang='lat' dir='ltr'><strong>singula</strong></span> <span class='ocrx_word' id='word_1_215' title='bbox 865 2945 958 3004; x_wconf 85' lang='lat' dir='ltr'><strong>adjecta</strong></span> <span class='ocrx_word' id='word_1_216' title='bbox 965 2956 1028 2993; x_wconf 88' lang='lat' dir='ltr'><strong>suut.</strong></span> <span class='ocrx_word' id='word_1_217' title='bbox 1038 2935 1103 2994; x_wconf 79' lang='lat' dir='ltr'><strong>&#39;Vide</strong></span> <span class='ocrx_word' id='word_1_218' title='bbox 1110 2948 1277 2998; x_wconf 83' lang='lat' dir='ltr'><strong>dehisomni·</strong></span> 
     </span>
     <span class='ocr_line' id='line_1_28' title="bbox 214 3018 1278 3094; baseline 0 -20"><span class='ocrx_word' id='word_1_219' title='bbox 214 3027 335 3090; x_wconf 85' lang='lat' dir='ltr'><strong>excerptis</strong></span> <span class='ocrx_word' id='word_1_220' title='bbox 354 3018 460 3082; x_wconf 59' lang='lat' dir='ltr'><strong>valesii}</strong></span> <span class='ocrx_word' id='word_1_221' title='bbox 477 3023 630 3085; x_wconf 64' lang='lat' dir='ltr'><strong>cedrenum,</strong></span> <span class='ocrx_word' id='word_1_222' title='bbox 648 3023 721 3070; x_wconf 84' lang='lat' dir='ltr'><strong>AElia·</strong></span> <span class='ocrx_word' id='word_1_223' title='bbox 764 3022 812 3071; x_wconf 86' lang='lat' dir='ltr'><strong>hus</strong></span> <span class='ocrx_word' id='word_1_224' title='bbox 820 3021 957 3079; x_wconf 77' lang='lat' dir='ltr'><strong>Ste-Croir,</strong></span> <span class='ocrx_word' id='word_1_225' title='bbox 967 3023 1058 3073; x_wconf 71' lang='lat' dir='ltr'><strong>Euam.</strong></span> <span class='ocrx_word' id='word_1_226' title='bbox 1068 3023 1122 3074; x_wconf 78' lang='lat' dir='ltr'><strong>crit.</strong></span> <span class='ocrx_word' id='word_1_227' title='bbox 1133 3042 1158 3088; x_wconf 90' lang='lat' dir='ltr'><strong>p.</strong></span> <span class='ocrx_word' id='word_1_228' title='bbox 1169 3029 1219 3089; x_wconf 81' lang='lat'><strong>370</strong></span> <span class='ocrx_word' id='word_1_229' title='bbox 1226 3045 1278 3094; x_wconf 81' lang='lat' dir='ltr'><strong>sqq.</strong></span> 
     </span>
     <span class='ocr_line' id='line_1_29' title="bbox 213 3099 1280 3176; baseline 0 -24"><span class='ocrx_word' id='word_1_230' title='bbox 213 3122 289 3163; x_wconf 84' lang='lat' dir='ltr'><strong>num,</strong></span> <span class='ocrx_word' id='word_1_231' title='bbox 302 3103 359 3151; x_wconf 83' lang='lat' dir='ltr'><strong>hist.</strong></span> <span class='ocrx_word' id='word_1_232' title='bbox 367 3117 418 3150; x_wconf 83' lang='lat' dir='ltr'><strong>var.</strong></span> <span class='ocrx_word' id='word_1_233' title='bbox 430 3103 483 3158; x_wconf 84' lang='lat' dir='ltr'><strong>IX,</strong></span> <span class='ocrx_word' id='word_1_234' title='bbox 498 3103 528 3163; x_wconf 72' lang='lat'><strong>33</strong></span> <span class='ocrx_word' id='word_1_235' title='bbox 541 3101 655 3160; x_wconf 88' lang='lat' dir='ltr'><strong>Suidam,</strong></span> <span class='ocrx_word' id='word_1_236' title='bbox 666 3117 720 3149; x_wconf 88' lang='lat' dir='ltr'><strong>voc.</strong></span> <span class='ocrx_word' id='word_1_237' title='bbox 804 3103 827 3148; x_wconf 80' lang='lat'><strong>3.</strong></span> <span class='ocrx_word' id='word_1_238' title='bbox 838 3102 923 3147; x_wconf 79' lang='lat' dir='ltr'><strong>Iacere</strong></span> <span class='ocrx_word' id='word_1_239' title='bbox 933 3099 1001 3148; x_wconf 78' lang='lat' dir='ltr'><strong>humi</strong></span> <span class='ocrx_word' id='word_1_240' title='bbox 1007 3103 1203 3154; x_wconf 75' lang='lat' dir='ltr'><strong>venerabundos.</strong></span> <span class='ocrx_word' id='word_1_241' title='bbox 1217 3111 1280 3176; x_wconf 73' lang='grc' dir='ltr'><strong>Πμ-</strong></span> 
     </span>
     <span class='ocr_line' id='line_1_30' title="bbox 208 3169 1280 3250; baseline -0.001 -25"><span class='ocrx_word' id='word_1_242' title='bbox 208 3170 389 3250; x_wconf 54' lang='grc' dir='ltr'><strong>’Λλίξιιδμςς</strong></span> <span class='ocrx_word' id='word_1_243' title='bbox 400 3179 520 3239; x_wconf 87' lang='lat' dir='ltr'><strong>Plinium,</strong></span> <span class='ocrx_word' id='word_1_244' title='bbox 531 3181 653 3237; x_wconf 88' lang='lat' dir='ltr'><strong>XXXIV,</strong></span> <span class='ocrx_word' id='word_1_245' title='bbox 663 3181 687 3239; x_wconf 83' lang='lat'><strong>8,</strong></span> <span class='ocrx_word' id='word_1_246' title='bbox 697 3196 721 3226; x_wconf 80' lang='lat' dir='ltr'><strong>a.</strong></span> <span class='ocrx_word' id='word_1_247' title='bbox 767 3169 867 3242; x_wconf 74' lang='lat' dir='ltr'><strong>nescir,</strong></span> <span class='ocrx_word' id='word_1_248' title='bbox 884 3195 934 3242; x_wconf 91' lang='lat' dir='ltr'><strong>quo</strong></span> <span class='ocrx_word' id='word_1_249' title='bbox 946 3179 1020 3227; x_wconf 90' lang='lat' dir='ltr'><strong>modo</strong></span> <span class='ocrx_word' id='word_1_250' title='bbox 1030 3181 1120 3228; x_wconf 88' lang='lat' dir='ltr'><strong>Graecis</strong></span> <span class='ocrx_word' id='word_1_251' title='bbox 1131 3199 1185 3231; x_wconf 91' lang='lat' dir='ltr'><strong>non</strong></span> <span class='ocrx_word' id='word_1_252' title='bbox 1198 3185 1280 3232; x_wconf 89' lang='lat' dir='ltr'><strong>homi.</strong></span> 
     </span>
     <span class='ocr_line' id='line_1_31' title="bbox 214 3256 1278 3321; baseline 0.005 -13"><span class='ocrx_word' id='word_1_253' title='bbox 214 3265 283 3308; x_wconf 88' lang='lat' dir='ltr'><strong>-In</strong></span> <span class='ocrx_word' id='word_1_254' title='bbox 291 3259 411 3308; x_wconf 84' lang='lat' dir='ltr'><strong>altissima</strong></span> <span class='ocrx_word' id='word_1_255' title='bbox 418 3273 524 3321; x_wconf 83' lang='lat' dir='ltr'><strong>quaque.</strong></span> <span class='ocrx_word' id='word_1_256' title='bbox 532 3256 667 3305; x_wconf 78' lang='lat' dir='ltr'><strong>Schellerus</strong></span> <span class='ocrx_word' id='word_1_257' title='bbox 674 3274 723 3304; x_wconf 86' lang='lat' dir='ltr'><strong>ma·</strong></span> <span class='ocrx_word' id='word_1_258' title='bbox 768 3275 825 3317; x_wconf 85' lang='lat' dir='ltr'><strong>nes,</strong></span> <span class='ocrx_word' id='word_1_259' title='bbox 840 3258 884 3304; x_wconf 90' lang='lat' dir='ltr'><strong>sed</strong></span> <span class='ocrx_word' id='word_1_260' title='bbox 900 3268 994 3304; x_wconf 84' lang='lat' dir='ltr'><strong>tantum</strong></span> <span class='ocrx_word' id='word_1_261' title='bbox 1012 3259 1047 3305; x_wconf 91' lang='lat' dir='ltr'><strong>dii</strong></span> <span class='ocrx_word' id='word_1_262' title='bbox 1061 3263 1195 3310; x_wconf 84' lang='lat' dir='ltr'><strong>venerandi</strong></span> <span class='ocrx_word' id='word_1_263' title='bbox 1209 3265 1278 3312; x_wconf 80' lang='lat' dir='ltr'><strong>vide·</strong></span> 
     </span>
     <span class='ocr_line' id='line_1_32' title="bbox 213 3335 1280 3404; baseline 0.002 -14"><span class='ocrx_word' id='word_1_264' title='bbox 213 3343 288 3391; x_wconf 81' lang='lat' dir='ltr'><strong>vult:</strong></span> <span class='ocrx_word' id='word_1_265' title='bbox 309 3338 333 3386; x_wconf 87' lang='lat' dir='ltr'><strong>in</strong></span> <span class='ocrx_word' id='word_1_266' title='bbox 354 3336 475 3386; x_wconf 78' lang='lat' dir='ltr'><strong>altissima</strong></span> <span class='ocrx_word' id='word_1_267' title='bbox 496 3351 590 3400; x_wconf 82' lang='lat' dir='ltr'><strong>quoque</strong></span> <span class='ocrx_word' id='word_1_268' title='bbox 604 3335 720 3402; x_wconf 86' lang='lat' dir='ltr'><strong>fortuna.</strong></span> <span class='ocrx_word' id='word_1_269' title='bbox 767 3335 866 3383; x_wconf 82' lang='lat' dir='ltr'><strong>bantur.</strong></span> <span class='ocrx_word' id='word_1_270' title='bbox 886 3340 917 3384; x_wconf 89' lang='lat' dir='ltr'><strong>Iu</strong></span> <span class='ocrx_word' id='word_1_271' title='bbox 936 3338 995 3383; x_wconf 85' lang='lat' dir='ltr'><strong>Asia</strong></span> <span class='ocrx_word' id='word_1_272' title='bbox 1013 3353 1072 3384; x_wconf 86' lang='lat' dir='ltr'><strong>vero</strong></span> <span class='ocrx_word' id='word_1_273' title='bbox 1091 3340 1207 3404; x_wconf 86' lang='lat' dir='ltr'><strong>antiquus</strong></span> <span class='ocrx_word' id='word_1_274' title='bbox 1229 3355 1280 3392; x_wconf 80' lang='lat' dir='ltr'><strong>erat</strong></span> 
     </span>
     <span class='ocr_line' id='line_1_33' title="bbox 213 3414 1278 3482; baseline 0 -14"><span class='ocrx_word' id='word_1_275' title='bbox 213 3420 283 3469; x_wconf 88' lang='lat' dir='ltr'><strong>Idem</strong></span> <span class='ocrx_word' id='word_1_276' title='bbox 293 3417 375 3482; x_wconf 85' lang='lat' dir='ltr'><strong>paullo</strong></span> <span class='ocrx_word' id='word_1_277' title='bbox 383 3426 440 3479; x_wconf 90' lang='lat' dir='ltr'><strong>post</strong></span> <span class='ocrx_word' id='word_1_278' title='bbox 446 3415 505 3478; x_wconf 85' lang='lat' dir='ltr'><strong>legit</strong></span> <span class='ocrx_word' id='word_1_279' title='bbox 515 3431 521 3461; x_wconf 76' lang='grc' dir='ltr'><strong><em>ε</em></strong></span> <span class='ocrx_word' id='word_1_280' title='bbox 530 3414 625 3478; x_wconf 82' lang='lat' dir='ltr'><strong>patrios</strong></span> <span class='ocrx_word' id='word_1_281' title='bbox 633 3431 719 3472; x_wconf 90' lang='lat' dir='ltr'><strong>mores,</strong></span> <span class='ocrx_word' id='word_1_282' title='bbox 768 3430 836 3473; x_wconf 88' lang='lat' dir='ltr'><strong>mos,</strong></span> <span class='ocrx_word' id='word_1_283' title='bbox 853 3423 894 3473; x_wconf 87' lang='lat' dir='ltr'><strong>ut,</strong></span> <span class='ocrx_word' id='word_1_284' title='bbox 911 3415 953 3477; x_wconf 91' lang='lat' dir='ltr'><strong>qui</strong></span> <span class='ocrx_word' id='word_1_285' title='bbox 970 3430 1050 3478; x_wconf 87' lang='lat' dir='ltr'><strong>regem</strong></span> <span class='ocrx_word' id='word_1_286' title='bbox 1062 3419 1238 3481; x_wconf 84' lang='lat' dir='ltr'><strong>convenirent,</strong></span> <span class='ocrx_word' id='word_1_287' title='bbox 1252 3422 1278 3468; x_wconf 91' lang='lat' dir='ltr'><strong>in</strong></span> 
     </span>
     <span class='ocr_line' id='line_1_34' title="bbox 213 3493 1277 3562; baseline 0.004 -17"><span class='ocrx_word' id='word_1_288' title='bbox 213 3496 367 3562; x_wconf 78' lang='lat' dir='ltr'><strong>disciplinam</strong></span> <span class='ocrx_word' id='word_1_289' title='bbox 378 3493 552 3548; x_wconf 79' lang='lat' dir='ltr'><strong>Macedonum,</strong></span> <span class='ocrx_word' id='word_1_290' title='bbox 565 3508 647 3556; x_wconf 80' lang='lat' dir='ltr'><strong>regum</strong></span> <span class='ocrx_word' id='word_1_291' title='bbox 657 3493 723 3540; x_wconf 74' lang='lat' dir='ltr'><strong>seht·</strong></span> <span class='ocrx_word' id='word_1_292' title='bbox 767 3507 845 3555; x_wconf 79' lang='lat' dir='ltr'><strong>genua</strong></span> <span class='ocrx_word' id='word_1_293' title='bbox 863 3503 889 3539; x_wconf 88' lang='lat' dir='ltr'><strong>et</strong></span> <span class='ocrx_word' id='word_1_294' title='bbox 904 3494 1008 3540; x_wconf 77' lang='lat' dir='ltr'><strong>frontem</strong></span> <span class='ocrx_word' id='word_1_295' title='bbox 1024 3497 1224 3558; x_wconf 87' lang='lat' dir='ltr'><strong>procumberent.</strong></span> <span class='ocrx_word' id='word_1_296' title='bbox 1238 3501 1277 3548; x_wconf 83' lang='lat' dir='ltr'><strong>Ab</strong></span> 
     </span>
     <span class='ocr_line' id='line_1_35' title="bbox 212 3569 1277 3644; baseline 0.004 -20"><span class='ocrx_word' id='word_1_297' title='bbox 212 3576 287 3624; x_wconf 82' lang='lat' dir='ltr'><strong>briter</strong></span> <span class='ocrx_word' id='word_1_298' title='bbox 292 3583 447 3638; x_wconf 77' lang='lat' dir='ltr'><strong>temperatum</strong></span> <span class='ocrx_word' id='word_1_299' title='bbox 462 3582 485 3618; x_wconf 87' lang='lat' dir='ltr'><strong>et</strong></span> <span class='ocrx_word' id='word_1_300' title='bbox 496 3569 588 3618; x_wconf 82' lang='lat' dir='ltr'><strong>civilem</strong></span> <span class='ocrx_word' id='word_1_301' title='bbox 602 3570 719 3619; x_wconf 75' lang='lat' dir='ltr'><strong>habitum.</strong></span> <span class='ocrx_word' id='word_1_302' title='bbox 767 3570 865 3618; x_wconf 76' lang='lat' dir='ltr'><strong>Asianis</strong></span> <span class='ocrx_word' id='word_1_303' title='bbox 877 3572 952 3634; x_wconf 86' lang='lat' dir='ltr'><strong>igitur</strong></span> <span class='ocrx_word' id='word_1_304' title='bbox 960 3571 1101 3621; x_wconf 80' lang='lat' dir='ltr'><strong>Alexander</strong></span> <span class='ocrx_word' id='word_1_305' title='bbox 1110 3577 1154 3624; x_wconf 89' lang='lat' dir='ltr'><strong>vix</strong></span> <span class='ocrx_word' id='word_1_306' title='bbox 1162 3594 1209 3640; x_wconf 87' lang='lat' dir='ltr'><strong>pro</strong></span> <span class='ocrx_word' id='word_1_307' title='bbox 1222 3596 1277 3644; x_wconf 85' lang='lat' dir='ltr'><strong>rege</strong></span> 
     </span>
     <span class='ocr_line' id='line_1_36' title="bbox 213 3648 1276 3718; baseline 0.003 -16"><span class='ocrx_word' id='word_1_308' title='bbox 213 3656 277 3702; x_wconf 74' lang='lat' dir='ltr'><strong>Tum</strong></span> <span class='ocrx_word' id='word_1_309' title='bbox 290 3661 437 3715; x_wconf 86' lang='lat' dir='ltr'><strong>temperatus</strong></span> <span class='ocrx_word' id='word_1_310' title='bbox 447 3649 545 3699; x_wconf 82' lang='lat' dir='ltr'><strong>babitus</strong></span> <span class='ocrx_word' id='word_1_311' title='bbox 557 3648 665 3712; x_wconf 76' lang='lat' dir='ltr'><strong>superbo</strong></span> <span class='ocrx_word' id='word_1_312' title='bbox 677 3663 722 3712; x_wconf 87' lang='lat' dir='ltr'><strong>op·</strong></span> <span class='ocrx_word' id='word_1_313' title='bbox 765 3649 852 3696; x_wconf 86' lang='lat' dir='ltr'><strong>haberi</strong></span> <span class='ocrx_word' id='word_1_314' title='bbox 863 3660 973 3713; x_wconf 88' lang='lat' dir='ltr'><strong>poterat,</strong></span> <span class='ocrx_word' id='word_1_315' title='bbox 982 3652 1031 3698; x_wconf 88' lang='lat' dir='ltr'><strong>nisi</strong></span> <span class='ocrx_word' id='word_1_316' title='bbox 1041 3668 1083 3713; x_wconf 88' lang='lat' dir='ltr'><strong>eo,</strong></span> <span class='ocrx_word' id='word_1_317' title='bbox 1092 3671 1143 3717; x_wconf 91' lang='lat' dir='ltr'><strong>quo</strong></span> <span class='ocrx_word' id='word_1_318' title='bbox 1155 3657 1276 3718; x_wconf 88' lang='lat' dir='ltr'><strong>solebant,</strong></span> 
     </span>
     <span class='ocr_line' id='line_1_37' title="bbox 213 3729 1275 3798; baseline 0.004 -18"><span class='ocrx_word' id='word_1_319' title='bbox 213 3735 308 3798; x_wconf 85' lang='lat' dir='ltr'><strong>positus</strong></span> <span class='ocrx_word' id='word_1_320' title='bbox 319 3741 363 3778; x_wconf 84' lang='lat' dir='ltr'><strong>est.</strong></span> <span class='ocrx_word' id='word_1_321' title='bbox 768 3739 792 3775; x_wconf 89' lang='lat' dir='ltr'><strong>et</strong></span> <span class='ocrx_word' id='word_1_322' title='bbox 804 3729 902 3776; x_wconf 84' lang='lat' dir='ltr'><strong>Asianis</strong></span> <span class='ocrx_word' id='word_1_323' title='bbox 916 3746 1012 3776; x_wconf 86' lang='lat' dir='ltr'><strong>necesse</strong></span> <span class='ocrx_word' id='word_1_324' title='bbox 1024 3731 1162 3793; x_wconf 87' lang='lat' dir='ltr'><strong>videbatur,</strong></span> <span class='ocrx_word' id='word_1_325' title='bbox 1172 3752 1242 3783; x_wconf 87' lang='lat' dir='ltr'><strong>more</strong></span> <span class='ocrx_word' id='word_1_326' title='bbox 1252 3753 1275 3784; x_wconf 85' lang='lat' dir='ltr'><strong>se</strong></span> 
     </span>
    </p>

    <p class='ocr_par' dir='ltr' id='par_1_9' title="bbox 211 3806 1276 4114">
     <span class='ocr_line' id='line_1_38' title="bbox 250 3806 1276 3871; baseline 0.004 -13"><span class='ocrx_word' id='word_1_327' title='bbox 250 3828 272 3859; x_wconf 81' lang='lat' dir='ltr'><strong>a.</strong></span> <span class='ocrx_word' id='word_1_328' title='bbox 285 3809 383 3857; x_wconf 80' lang='lat' dir='ltr'><strong>Patrios</strong></span> <span class='ocrx_word' id='word_1_329' title='bbox 395 3825 491 3865; x_wconf 58' lang='lat' dir='ltr'><strong>nrores,⁴</strong></span> <span class='ocrx_word' id='word_1_330' title='bbox 504 3822 605 3871; x_wconf 81' lang='lat' dir='ltr'><strong>regum,</strong></span> <span class='ocrx_word' id='word_1_331' title='bbox 619 3823 633 3853; x_wconf 90' lang='lat' dir='ltr'><strong>a</strong></span> <span class='ocrx_word' id='word_1_332' title='bbox 646 3806 722 3866; x_wconf 88' lang='lat' dir='ltr'><strong>majo·</strong></span> <span class='ocrx_word' id='word_1_333' title='bbox 766 3806 814 3852; x_wconf 91' lang='lat' dir='ltr'><strong>coli</strong></span> <span class='ocrx_word' id='word_1_334' title='bbox 823 3818 953 3871; x_wconf 82' lang='lat' dir='ltr'><strong>pateretur.</strong></span> <span class='ocrx_word' id='word_1_335' title='bbox 963 3809 1172 3858; x_wconf 87' lang='lat' dir='ltr'><strong>AMacedonibos</strong></span> <span class='ocrx_word' id='word_1_336' title='bbox 1181 3816 1276 3862; x_wconf 80' lang='lat' dir='ltr'><strong>etGrae·</strong></span> 
     </span>
     <span class='ocr_line' id='line_1_39' title="bbox 213 3882 1273 3952; baseline 0.002 -14"><span class='ocrx_word' id='word_1_337' title='bbox 213 3890 282 3938; x_wconf 89' lang='lat' dir='ltr'><strong>ribus</strong></span> <span class='ocrx_word' id='word_1_338' title='bbox 303 3887 446 3938; x_wconf 87' lang='lat' dir='ltr'><strong>Alexandro</strong></span> <span class='ocrx_word' id='word_1_339' title='bbox 471 3887 588 3944; x_wconf 83' lang='lat' dir='ltr'><strong>traditos,</strong></span> <span class='ocrx_word' id='word_1_340' title='bbox 611 3882 721 3948; x_wconf 73' lang='lat' dir='ltr'><strong>discipli·</strong></span> <span class='ocrx_word' id='word_1_341' title='bbox 766 3885 801 3931; x_wconf 84' lang='lat' dir='ltr'><strong>eis</strong></span> <span class='ocrx_word' id='word_1_342' title='bbox 814 3885 1002 3933; x_wconf 87' lang='lat' dir='ltr'><strong>siccultusnou</strong></span> <span class='ocrx_word' id='word_1_343' title='bbox 1019 3897 1068 3945; x_wconf 84' lang='lat' dir='ltr'><strong>est,</strong></span> <span class='ocrx_word' id='word_1_344' title='bbox 1084 3888 1127 3934; x_wconf 89' lang='lat' dir='ltr'><strong>sed</strong></span> <span class='ocrx_word' id='word_1_345' title='bbox 1145 3890 1273 3952; x_wconf 83' lang='lat' dir='ltr'><strong>aliqnando</strong></span> 
     </span>
     <span class='ocr_line' id='line_1_40' title="bbox 211 3961 1273 4032; baseline -0.001 -16"><span class='ocrx_word' id='word_1_346' title='bbox 211 3984 316 4032; x_wconf 84' lang='lat' dir='ltr'><strong>namque</strong></span> <span class='ocrx_word' id='word_1_347' title='bbox 327 3965 489 4021; x_wconf 82' lang='lat' dir='ltr'><strong>Macedonum</strong></span> <span class='ocrx_word' id='word_1_348' title='bbox 503 3979 583 4028; x_wconf 80' lang='lat' dir='ltr'><strong>regum</strong></span> <span class='ocrx_word' id='word_1_349' title='bbox 596 3961 725 4010; x_wconf 75' lang='lat' dir='ltr'><strong>salubriter</strong></span> <span class='ocrx_word' id='word_1_350' title='bbox 765 3964 901 4026; x_wconf 88' lang='lat' dir='ltr'><strong>periculum</strong></span> <span class='ocrx_word' id='word_1_351' title='bbox 917 3965 1000 4013; x_wconf 85' lang='lat' dir='ltr'><strong>fecisse</strong></span> <span class='ocrx_word' id='word_1_352' title='bbox 1018 3965 1129 4025; x_wconf 85' lang='lat' dir='ltr'><strong>videtur;</strong></span> <span class='ocrx_word' id='word_1_353' title='bbox 1147 3984 1196 4031; x_wconf 89' lang='lat' dir='ltr'><strong>qua</strong></span> <span class='ocrx_word' id='word_1_354' title='bbox 1209 3970 1236 4018; x_wconf 88' lang='lat' dir='ltr'><strong>in</strong></span> <span class='ocrx_word' id='word_1_355' title='bbox 1249 3986 1273 4016; x_wconf 89' lang='lat' dir='ltr'><strong>re</strong></span> 
     </span>
     <span class='ocr_line' id='line_1_41' title="bbox 211 4042 1273 4114; baseline 0.002 -19"><span class='ocrx_word' id='word_1_356' title='bbox 211 4057 387 4114; x_wconf 80' lang='lat' dir='ltr'><strong>temperatam,</strong></span> <span class='ocrx_word' id='word_1_357' title='bbox 403 4044 513 4091; x_wconf 86' lang='lat' dir='ltr'><strong>instituta</strong></span> <span class='ocrx_word' id='word_1_358' title='bbox 526 4043 553 4088; x_wconf 91' lang='lat' dir='ltr'><strong>iu</strong></span> <span class='ocrx_word' id='word_1_359' title='bbox 564 4043 628 4105; x_wconf 85' lang='lat' dir='ltr'><strong>regia</strong></span> <span class='ocrx_word' id='word_1_360' title='bbox 638 4043 720 4088; x_wconf 86' lang='lat' dir='ltr'><strong>Maee-</strong></span> <span class='ocrx_word' id='word_1_361' title='bbox 766 4056 819 4089; x_wconf 90' lang='lat' dir='ltr'><strong>non</strong></span> <span class='ocrx_word' id='word_1_362' title='bbox 830 4052 866 4090; x_wconf 86' lang='lat' dir='ltr'><strong>est</strong></span> <span class='ocrx_word' id='word_1_363' title='bbox 876 4042 1020 4092; x_wconf 85' lang='lat' dir='ltr'><strong>laudandus.</strong></span> <span class='ocrx_word' id='word_1_364' title='bbox 1029 4045 1120 4093; x_wconf 85' lang='lat' dir='ltr'><strong>Confer</strong></span> <span class='ocrx_word' id='word_1_365' title='bbox 1126 4047 1226 4097; x_wconf 76' lang='lat' dir='ltr'><strong>Amisa.</strong></span> <span class='ocrx_word' id='word_1_366' title='bbox 1232 4051 1266 4097; x_wconf 86' lang='lat' dir='ltr'><strong>IV</strong></span> <span class='ocrx_word' id='word_1_367' title='bbox 1267 4084 1273 4108; x_wconf 91' lang='lat'><strong>,</strong></span> 
     </span>
    </p>
   </div>
   <div class='ocr_carea' id='block_1_4' title="bbox 0 0 1339 4836">
    <p class='ocr_par' dir='ltr' id='par_1_10' title="bbox 0 0 1339 4836">
     <span class='ocr_line' id='line_1_42' title="bbox 0 0 1339 4836; baseline 0 0"><span class='ocrx_word' id='word_1_368' title='bbox 0 0 1339 4836; x_wconf 95' lang='lat' dir='ltr'><strong> </strong></span> 
     </span>
    </p>
   </div>
  </div>
 </body>
</html>
