2662 4836
161 333 203 408 [μ
479 336 520 418 Q.
555 332 744 399 courir
777 334 904 400 auat

160 446 388 535 imminebat,
417 462 540 519 tamen
572 447 617 519 ad
650 448 917 530 Satibarzanem
948 446 1233 547 opprimendum

159 559 326 653 praeverti
345 558 523 654 optimum
542 573 658 644 ratus,
681 557 795 629 levem
815 574 1031 630 armaturam
1051 572 1087 629 et
1103 578 1233 652 eques-

160 678 234 736 tres
262 668 381 765 copias
407 667 548 755 educit,
572 682 721 765 totaque
747 683 853 738 nocte
879 682 1025 738 strenue
1051 663 1146 735 lacto
1173 661 1232 732 iti·

119 799 267 863 22nere,
288 776 499 875 improvisus
521 777 617 850 hosti
635 779 855 875 supervenit.
879 780 988 874 Cujus
1007 777 1153 873 cognito
1169 772 1233 843 ad·

160 901 292 974 ventu,
314 889 578 961 Satirharzanes
604 912 685 958 cum
712 914 737 958 11
761 887 921 960 millibus
950 888 1113 984 equitum
1144 886 1236 980 (nec

162 996 259 1066 enim
279 995 401 1092 plures
422 996 541 1068 subito
563 994 729 1067 contrahi
753 996 947 1093 poterant)
966 983 1089 1071 Bactra
1110 989 1235 1093 perlu-

120 1104 228 1201 23git,
251 1109 361 1177 ceteri
383 1107 568 1205 proximos
591 1120 734 1177 montes
753 1120 1032 1202 occupaverunt.
1050 1109 1237 1199 Praerupta

162 1239 272 1312 rupes
289 1229 363 1301 est,
385 1242 457 1315 qua
475 1229 613 1314 spectat
629 1213 851 1285 occidentem
870 1241 878 1283 :
903 1214 1047 1299 eadem,
1065 1237 1138 1319 qua
1153 1235 1237 1281 ver-

163 1325 214 1421 git
242 1324 287 1395 ad
317 1326 516 1414 orientem,
548 1324 686 1396 leniore
717 1322 891 1394 submissa
924 1323 1085 1423 fastigio,
1109 1314 1236 1391 multis

163 1432 351 1506 arboribus
377 1436 515 1522 obsita,
541 1457 739 1532 perennem
765 1432 875 1504 habet
903 1432 1060 1520 fontem,
1086 1457 1131 1503 ex
1157 1455 1234 1528 quo
1260 1510 1266 1518 Ι

120 1541 385 1642 atlargaesaquae
404 1558 564 1614 manant.
587 1542 801 1615 Circumitus
824 1544 899 1640 ejus
921 1570 994 1613 xxx
1013 1558 1048 1615 et
1071 1568 1099 1614 11
1119 1539 1235 1611 stadia

165 1652 461 1749 comprehendit;
491 1653 530 1722 in
552 1653 686 1723 vertice
711 1650 884 1723 herbidus
910 1670 1067 1751 campus.
1094 1657 1139 1721 In
1161 1648 1235 1718 hoc

163 1761 433 1833 multitudinem
454 1760 638 1834 imbellem
664 1763 850 1839 considere
873 1763 1032 1859 jubent:
1055 1762 1140 1861 ipsi,
1161 1784 1236 1857 qua

165 1940 258 1978 cretum
268 1941 331 1990 emt,
342 1947 423 1992 nnnc,
434 1930 574 1980 intermisso
583 1932 627 1979 illo
636 1932 677 1979 iti·
719 1948 768 1994 qua
776 1943 872 1995 spectat
880 1933 912 1980 ad
923 1932 1089 1989 occidentem,
1099 1939 1235 1994 praeruptas

164 2026 238 2070 nere,
250 2011 361 2058 celeriter
372 2013 400 2058 in
412 2011 589 2060 Satibarzanen]
602 2013 676 2061 duoe-
720 2010 827 2059 habebat
837 2029 925 2076 rupes,
936 2011 1031 2070 nudas,
1043 2009 1175 2059 arboribus
1184 2024 1237 2056 non

165 2088 214 2135 bat.
231 2115 268 2126 —
283 2089 406 2138 Proeverti.
425 2092 514 2138 Verius
532 2101 627 2151 tamen,
649 2101 677 2138 ut
720 2090 827 2150 obsitas;
851 2090 917 2138 idem
936 2107 1023 2150 mons,
1045 2105 1092 2152 qua
1107 2089 1188 2154 vergit
1205 2086 1236 2135 ad

165 2167 281 2230 opinatur
305 2167 403 2225 Tellt'er,
428 2169 552 2216 diceretur
574 2169 674 2226 reverti,
721 2170 958 2228 orientem,leniore
966 2170 1065 2233 quidem
1073 2169 1168 2232 fastigio
1181 2168 1237 2215 sub-

163 2261 222 2293 nam
229 2247 326 2294 exAtia
332 2249 483 2295 Bactrianam
490 2250 591 2311 petenti,
597 2249 676 2296 immo
720 2249 825 2309 missus,
835 2249 861 2306 id
875 2259 925 2309 est,
938 2251 1015 2314 nugis
1025 2248 1112 2297 acclivi
1121 2249 1182 2312 jugo
1191 2247 1233 2297 de-

115 2378 118 2389 ,
164 2327 226 2373 forte
243 2327 294 2386 jam
313 2327 424 2392 ingresso
445 2329 555 2377 nuntiata
573 2329 677 2376 defectio
721 2344 833 2392 pressus,
846 2328 982 2375 sedmultis
995 2327 1126 2375 arboribus
1136 2326 1231 2375 obsitus

165 2415 214 2463 est3
231 2415 259 2452 nt
277 2407 447 2454 revertendum
464 2417 550 2455 contra
571 2408 678 2455 Satibar·
722 2416 787 2453 erat:
799 2422 847 2470 qua
854 2408 1061 2470 parte,silvaru1n
1068 2407 1131 2453 forte
1139 2421 1235 2463 caussa,

165 2498 249 2530 unam
263 2484 344 2533 fuerit.
363 2513 398 2523 -
414 2485 447 2532 Et
458 2496 584 2549 equestres
596 2485 680 2551 copias,
723 2485 802 2534 aditus
815 2502 869 2533 non
879 2485 984 2549 patebat
998 2486 1050 2533 Nec
1066 2485 1134 2531 enim
1145 2484 1195 2532 hac
1207 2484 1232 2531 in

165 2562 251 2611 educa.
270 2564 375 2627 Reliqua
384 2566 498 2631 graviore
510 2566 620 2615 exercitu
632 2564 678 2620 sub
722 2576 790 2629 parte
810 2564 951 2613 Alexander
974 2563 1105 2611 ascendere
1128 2562 1234 2613 conaba-

165 2642 266 2690 Cratero
280 2643 379 2702 relicto,
391 2654 419 2691 ut
432 2643 536 2691 modicis
548 2643 678 2691 itineribus
722 2655 774 2703 tur,
788 2661 834 2691 nec
847 2643 939 2691 obsessi
951 2655 1044 2690 naturae
1056 2659 1133 2690 manu
1146 2653 1171 2690 et
1185 2652 1233 2689 arte

166 2729 315 2785 sequeretur.
324 2723 423 2772 Arrian.
433 2727 484 2782 111,
495 2724 543 2783 25,
557 2740 589 2786 9,
602 2735 626 2771 et
639 2725 678 2772 13.
722 2722 908 2771 subveniebant.

163 2829 202 2839 -
211 2803 400 2866 Totaquertocte.
409 2803 632 2861 ammonente,
642 2804 679 2850 bi·
758 2811 799 2858 at.
814 2799 879 2866 Ipsi,
896 2817 945 2864 qua
960 2817 1033 2864 nepes
1047 2811 1110 2848 eret.
1126 2798 1178 2862 Ipsi
1190 2797 1234 2846 ob·

167 2879 219 2927 duo
236 2879 312 2927 stadie
332 2891 446 2928 sexcenta
462 2897 589 2939 emensus,
608 2882 679 2927 Arta·
722 2881 796 2938 sessi,
813 2880 840 2926 in
854 2896 881 2926 ea
896 2879 986 2926 montis
1000 2889 1082 2943 parte,
1101 2894 1150 2941 qua
1170 2877 1232 2924 occi·

167 2977 244 3010 coena
256 2962 376 3026 pervenit.
722 2960 820 3007 dentem
834 2968 938 3022 spectat,
957 2966 980 3003 et
996 2974 1070 3021 rupes
1088 2967 1171 3016 erant,
1187 2971 1233 3019 qua

204 3056 245 3089 aa.
254 3038 373 3105 Perfitgit
384 3040 445 3088 Cod.
452 3039 556 3088 Theocr.
561 3037 678 3104 pmfitgit.
723 3040 816 3087 facilior
826 3037 956 3086 videbatur
967 3036 1062 3096 aditus,
1076 3045 1168 3083 naturae
1182 3027 1234 3082 mu·

168 3117 513 3183 —Ceteripmximosmontes
522 3128 678 3180 occuparunt.
722 3119 832 3165 nimenta
847 3127 897 3163 arte
916 3126 1017 3178 augent,
1032 3126 1103 3177 atque
1118 3114 1233 3161 arborum

166 3199 286 3246 Arrianus
304 3207 402 3266 caeteros
420 3196 542 3260 diffugisse
561 3206 632 3258 atque
648 3195 678 3242 ab
723 3208 823 3245 truncos
837 3211 942 3257 saxaque
955 3194 1113 3241 amoliuntur.
1128 3193 1168 3239 Sic
1180 3192 1234 3254 qni·

167 3276 309 3326 Alexandro
329 3276 440 3323 celeriter
460 3283 621 3338 persequente
640 3273 679 3321 vel
723 3277 779 3325 dem
791 3275 873 3323 locum
891 3288 990 3333 oannem
1008 3273 1112 3320 illustrat
1128 3269 1233 3318 Schmie-

167 3355 306 3403 intersectos
326 3355 366 3402 vel
384 3365 468 3418 captos
484 3354 594 3417 scripsit;
615 3353 679 3402 nihil
723 3357 775 3413 der,
797 3355 837 3402 cui
857 3370 914 3402 sane
934 3349 1060 3412 adhaere03
1081 3367 1138 3398 nam
1158 3365 1235 3412 quum

167 3450 227 3482 vero
238 3434 268 3497 de
279 3450 340 3497 rupe
351 3443 487 3497 praeruptu
499 3431 529 3478 de
540 3448 587 3494 qua
598 3441 679 3479 tamen
722 3451 808 3483 omnes
819 3433 916 3481 codices
928 3433 957 3478 in
970 3430 1101 3478 scribendo
1112 3439 1168 3476 erat
1179 3444 1235 3476 con·

167 3513 292 3562 Diodorus
305 3528 362 3558 cum
373 3511 458 3560 Curtio
469 3511 599 3559 consentit
682 3496 686 3507 .
723 3498 846 3572 sentiunt,
867 3527 923 3558 cum
941 3510 987 3557 hac
1006 3508 1170 3573 explicatione
1184 3509 1235 3569 jam

206 3594 248 3641 23·
259 3595 383 3652 Proerupta
395 3606 467 3654 rupes
478 3600 520 3639 ese.
528 3589 609 3655 Vulgo
616 3599 678 3637 erat.
724 3608 777 3641 non
795 3591 868 3639 variis
890 3606 988 3655 egemus
1008 3589 1155 3660 conjecturis
1171 3603 1238 3652 quas

170 3672 218 3721 Sed
231 3687 287 3718 eum
301 3669 391 3717 nostris
403 3669 494 3727 codd,
510 3686 554 3717 sex
571 3670 639 3729 aliis,
657 3680 682 3716 et
724 3670 840 3719 hocloco
855 3668 1005 3732 collegerunt
1017 3668 1097 3731 intpp.
1110 3665 1238 3714 Acidaliae

171 3749 340 3808 schmiedem,
357 3758 393 3799 cst
401 3749 496 3813 scripsi.
506 3745 636 3796 Difficilior
646 3759 681 3795 est
725 3751 791 3797 enim
805 3759 829 3796 et
840 3747 1022 3796 Freinshemius
1032 3746 1156 3793 malebant
1167 3745 1236 3793 sede·

172 3831 241 3879 locus
251 3829 356 3875 maxime
366 3845 394 3876 ea
403 3845 487 3877 caussa
495 3865 502 3889 ,
509 3827 576 3891 qnod
584 3844 634 3876 vox
639 3843 681 3875 ru·
716 3839 776 3886 >rute
791 3828 906 3875 Heinsius
917 3838 941 3873 et
951 3825 1146 3884 Tellierdeerat5
1157 3823 1239 3871 Scbef·

168 3926 214 3975 pes
228 3908 303 3956 modo
314 3910 431 3974 proprie,
445 3909 521 3958 modo
538 3924 585 3972 pro
598 3916 682 3954 monte
726 3910 791 3957 ferus
803 3917 908 3954 cesserat
920 3917 961 3954 aut
975 3904 1098 3962 desierot;
1114 3904 1179 3951 nulli
1193 3903 1240 3949 ho·

173 3988 283 4037 adhibita
301 3999 343 4036 est.
364 3992 527 4054 Interpretare
544 3988 594 4035 sic:
609 3989 684 4034 Mons
718 4002 782 4053 rum
804 3984 939 4040 audiendi¹⁴
950 3982 1068 4031 Cellarius
1093 3981 1161 4030 solus
1182 3996 1238 4032 cum

175 4078 225 4118 erat
242 4067 272 4115 ab
285 4068 354 4118 omni
364 4079 433 4138 parte
448 4066 556 4117 difficilis
570 4082 685 4124 ascetum
727 4063 884 4117 Schmiedero
897 4064 992 4116 retinet.
