<?xml version="1.0" encoding="UTF-8"?>
<!DOCTYPE html PUBLIC "-//W3C//DTD XHTML 1.0 Transitional//EN"
    "http://www.w3.org/TR/xhtml1/DTD/xhtml1-transitional.dtd">
<html xmlns="http://www.w3.org/1999/xhtml" xml:lang="en" lang="en">
 <head>
  <title>
</title>
<meta http-equiv="Content-Type" content="text/html;charset=utf-8" />
  <meta name='ocr-system' content='tesseract 3.04.00' />
  <meta name='ocr-capabilities' content='ocr_page ocr_carea ocr_par ocr_line ocrx_word'/>
</head>
<body>
  <div class='ocr_page' id='page_1' title='image "bibliothecaclas69lemagoog_0041.png"; bbox 0 0 2662 4836; ppageno 0'>
   <div class='ocr_carea' id='block_1_1' title="bbox 193 311 922 433">
    <p class='ocr_par' dir='ltr' id='par_1_1' title="bbox 193 311 922 433">
     <span class='ocr_line' id='line_1_1' title="bbox 193 311 922 433; baseline 0.003 -19"><span class='ocrx_word' id='word_1_1' title='bbox 193 311 248 415; x_wconf 40' lang='lat'><strong>‘26&#39;</strong></span> <span class='ocrx_word' id='word_1_2' title='bbox 525 352 566 433; x_wconf 88' lang='lat' dir='ltr'><strong>Q.</strong></span> <span class='ocrx_word' id='word_1_3' title='bbox 597 351 922 416; x_wconf 69' lang='lat' dir='ltr'><strong>currulium</strong></span> 
     </span>
    </p>
   </div>
   <div class='ocr_carea' id='block_1_2' title="bbox 110 448 1268 1658">
    <p class='ocr_par' dir='ltr' id='par_1_2' title="bbox 110 448 1268 1658">
     <span class='ocr_line' id='line_1_2' title="bbox 110 448 1265 560; baseline -0.003 -26"><span class='ocrx_word' id='word_1_4' title='bbox 110 448 112 454; x_wconf 30' lang='lat'>⁸</span> <span class='ocrx_word' id='word_1_5' title='bbox 196 479 299 549; x_wconf 92' lang='lat' dir='ltr'><strong>sunt,</strong></span> <span class='ocrx_word' id='word_1_6' title='bbox 324 465 388 560; x_wconf 89' lang='lat' dir='ltr'><strong>qni</strong></span> <span class='ocrx_word' id='word_1_7' title='bbox 411 464 568 534; x_wconf 81' lang='lat' dir='ltr'><strong>Maeotim</strong></span> <span class='ocrx_word' id='word_1_8' title='bbox 588 463 757 560; x_wconf 86' lang='lat' dir='ltr'>paludem</span> <span class='ocrx_word' id='word_1_9' title='bbox 780 465 818 534; x_wconf 93' lang='lat' dir='ltr'><strong>in</strong></span> <span class='ocrx_word' id='word_1_10' title='bbox 841 465 878 535; x_wconf 91' lang='lat' dir='ltr'><strong>id</strong></span> <span class='ocrx_word' id='word_1_11' title='bbox 899 465 1027 536; x_wconf 88' lang='lat' dir='ltr'><strong>cadere</strong></span> <span class='ocrx_word' id='word_1_12' title='bbox 1046 477 1203 560; x_wconf 90' lang='lat' dir='ltr'><strong>putent:</strong></span> <span class='ocrx_word' id='word_1_13' title='bbox 1227 476 1265 532; x_wconf 87' lang='lat' dir='ltr'><strong>et</strong></span> 
     </span>
     <span class='ocr_line' id='line_1_3' title="bbox 196 571 1264 670; baseline -0.001 -28"><span class='ocrx_word' id='word_1_14' title='bbox 196 590 447 669; x_wconf 81' lang='lat' dir='ltr'><strong>argumentum</strong></span> <span class='ocrx_word' id='word_1_15' title='bbox 467 571 626 645; x_wconf 86' lang='lat' dir='ltr'><strong>afferunt</strong></span> <span class='ocrx_word' id='word_1_16' title='bbox 644 598 793 670; x_wconf 90' lang='lat' dir='ltr'><strong>aquam,</strong></span> <span class='ocrx_word' id='word_1_17' title='bbox 812 574 913 669; x_wconf 90' lang='lat' dir='ltr'><strong>quod</strong></span> <span class='ocrx_word' id='word_1_18' title='bbox 932 574 1072 645; x_wconf 92' lang='lat' dir='ltr'><strong>dulcior</strong></span> <span class='ocrx_word' id='word_1_19' title='bbox 1090 575 1137 643; x_wconf 91' lang='lat' dir='ltr'><strong>sit</strong></span> <span class='ocrx_word' id='word_1_20' title='bbox 1153 595 1264 669; x_wconf 88' lang='lat' dir='ltr'><strong>quam</strong></span> 
     </span>
     <span class='ocr_line' id='line_1_4' title="bbox 154 681 1267 781; baseline 0.001 -31"><span class='ocrx_word' id='word_1_21' title='bbox 154 718 185 766; x_wconf 81' lang='lat'><strong>19</strong></span> <span class='ocrx_word' id='word_1_22' title='bbox 196 697 315 753; x_wconf 90' lang='lat' dir='ltr'><strong>cetera</strong></span> <span class='ocrx_word' id='word_1_23' title='bbox 340 684 474 769; x_wconf 88' lang='lat' dir='ltr'><strong>maria,</strong></span> <span class='ocrx_word' id='word_1_24' title='bbox 505 681 625 752; x_wconf 88' lang='lat' dir='ltr'><strong>infuso</strong></span> <span class='ocrx_word' id='word_1_25' title='bbox 656 683 796 781; x_wconf 90' lang='lat' dir='ltr'><strong>paludis</strong></span> <span class='ocrx_word' id='word_1_26' title='bbox 825 684 978 755; x_wconf 90' lang='lat' dir='ltr'><strong>humore</strong></span> <span class='ocrx_word' id='word_1_27' title='bbox 1003 685 1203 755; x_wconf 78' lang='lat' dir='ltr'><strong>mitescere.</strong></span> <span class='ocrx_word' id='word_1_28' title='bbox 1235 686 1267 751; x_wconf 79' lang='lat' dir='ltr'>A</span> 
     </span>
     <span class='ocr_line' id='line_1_5' title="bbox 195 792 1266 889; baseline -0.002 -27"><span class='ocrx_word' id='word_1_29' title='bbox 195 794 455 888; x_wconf 86' lang='lat' dir='ltr'><strong>septemtrione</strong></span> <span class='ocrx_word' id='word_1_30' title='bbox 468 794 596 889; x_wconf 86' lang='lat' dir='ltr'><strong>ingens</strong></span> <span class='ocrx_word' id='word_1_31' title='bbox 608 792 647 862; x_wconf 93' lang='lat' dir='ltr'><strong>in</strong></span> <span class='ocrx_word' id='word_1_32' title='bbox 659 793 742 865; x_wconf 90' lang='lat' dir='ltr'><strong>litus</strong></span> <span class='ocrx_word' id='word_1_33' title='bbox 756 818 856 865; x_wconf 89' lang='lat' dir='ltr'><strong>mare</strong></span> <span class='ocrx_word' id='word_1_34' title='bbox 868 792 1066 879; x_wconf 88' lang='lat' dir='ltr'><strong>incumbit,</strong></span> <span class='ocrx_word' id='word_1_35' title='bbox 1084 792 1266 888; x_wconf 81' lang='lat' dir='ltr'><strong>longeque</strong></span> 
     </span>
     <span class='ocr_line' id='line_1_6' title="bbox 194 899 1266 1001; baseline -0.004 -29"><span class='ocrx_word' id='word_1_36' title='bbox 194 903 266 997; x_wconf 87' lang='lat' dir='ltr'><strong>agit</strong></span> <span class='ocrx_word' id='word_1_37' title='bbox 283 903 430 987; x_wconf 87' lang='lat' dir='ltr'><strong>fluctus,</strong></span> <span class='ocrx_word' id='word_1_38' title='bbox 456 916 492 974; x_wconf 92' lang='lat' dir='ltr'><strong>et</strong></span> <span class='ocrx_word' id='word_1_39' title='bbox 507 927 636 999; x_wconf 85' lang='lat' dir='ltr'><strong>magna</strong></span> <span class='ocrx_word' id='word_1_40' title='bbox 654 919 756 1001; x_wconf 84' lang='lat' dir='ltr'><strong>parte</strong></span> <span class='ocrx_word' id='word_1_41' title='bbox 773 919 971 975; x_wconf 77' lang='lat' dir='ltr'><strong>exaestuans</strong></span> <span class='ocrx_word' id='word_1_42' title='bbox 987 917 1148 998; x_wconf 82' lang='lat' dir='ltr'><strong>stagnat3</strong></span> <span class='ocrx_word' id='word_1_43' title='bbox 1167 899 1266 970; x_wconf 88' lang='lat' dir='ltr'><strong>idem</strong></span> 
     </span>
     <span class='ocr_line' id='line_1_7' title="bbox 196 1013 1266 1112; baseline -0.002 -30"><span class='ocrx_word' id='word_1_44' title='bbox 196 1013 266 1083; x_wconf 92' lang='lat' dir='ltr'><strong>alio</strong></span> <span class='ocrx_word' id='word_1_45' title='bbox 281 1014 353 1084; x_wconf 86' lang='lat' dir='ltr'><strong>caeli</strong></span> <span class='ocrx_word' id='word_1_46' title='bbox 370 1030 465 1085; x_wconf 88' lang='lat' dir='ltr'><strong>statu</strong></span> <span class='ocrx_word' id='word_1_47' title='bbox 479 1015 606 1112; x_wconf 88' lang='lat' dir='ltr'><strong>recipit</strong></span> <span class='ocrx_word' id='word_1_48' title='bbox 618 1015 657 1084; x_wconf 90' lang='lat' dir='ltr'><strong>in</strong></span> <span class='ocrx_word' id='word_1_49' title='bbox 671 1039 709 1086; x_wconf 90' lang='lat' dir='ltr'><strong>se</strong></span> <span class='ocrx_word' id='word_1_50' title='bbox 724 1014 876 1099; x_wconf 85' lang='lat' dir='ltr'><strong>fretum,</strong></span> <span class='ocrx_word' id='word_1_51' title='bbox 893 1013 1096 1111; x_wconf 88' lang='lat' dir='ltr'><strong>eodemque</strong></span> <span class='ocrx_word' id='word_1_52' title='bbox 1109 1013 1266 1107; x_wconf 91' lang='lat' dir='ltr'><strong>impetu,</strong></span> 
     </span>
     <span class='ocr_line' id='line_1_8' title="bbox 195 1118 1267 1218; baseline -0.004 -26"><span class='ocrx_word' id='word_1_53' title='bbox 195 1146 270 1218; x_wconf 90' lang='lat' dir='ltr'><strong>quo</strong></span> <span class='ocrx_word' id='word_1_54' title='bbox 288 1121 442 1194; x_wconf 79' lang='lat' dir='ltr'><strong>effusum</strong></span> <span class='ocrx_word' id='word_1_55' title='bbox 459 1139 531 1206; x_wconf 88' lang='lat' dir='ltr'><strong>est,</strong></span> <span class='ocrx_word' id='word_1_56' title='bbox 543 1124 726 1208; x_wconf 88' lang='lat' dir='ltr'><strong>relabens,</strong></span> <span class='ocrx_word' id='word_1_57' title='bbox 739 1138 873 1194; x_wconf 90' lang='lat' dir='ltr'><strong>terram</strong></span> <span class='ocrx_word' id='word_1_58' title='bbox 889 1138 1026 1193; x_wconf 83' lang='lat' dir='ltr'><strong>naturae</strong></span> <span class='ocrx_word' id='word_1_59' title='bbox 1042 1145 1112 1192; x_wconf 87' lang='lat' dir='ltr'><strong>suae</strong></span> <span class='ocrx_word' id='word_1_60' title='bbox 1125 1118 1267 1205; x_wconf 90' lang='lat' dir='ltr'><strong>reddit;</strong></span> 
     </span>
     <span class='ocr_line' id='line_1_9' title="bbox 191 1227 1267 1330; baseline -0.003 -29"><span class='ocrx_word' id='word_1_61' title='bbox 191 1242 233 1301; x_wconf 88' lang='lat' dir='ltr'><strong>et</strong></span> <span class='ocrx_word' id='word_1_62' title='bbox 250 1231 397 1326; x_wconf 90' lang='lat' dir='ltr'><strong>quidam</strong></span> <span class='ocrx_word' id='word_1_63' title='bbox 411 1231 613 1321; x_wconf 83' lang='lat' dir='ltr'><strong>credidere,</strong></span> <span class='ocrx_word' id='word_1_64' title='bbox 634 1258 710 1303; x_wconf 91' lang='lat' dir='ltr'><strong>non</strong></span> <span class='ocrx_word' id='word_1_65' title='bbox 724 1233 893 1330; x_wconf 86' lang='lat' dir='ltr'><strong>Caspium</strong></span> <span class='ocrx_word' id='word_1_66' title='bbox 912 1256 1009 1302; x_wconf 73' lang='lat' dir='ltr'><strong>rrsrrc</strong></span> <span class='ocrx_word' id='word_1_67' title='bbox 1027 1256 1121 1316; x_wconf 88' lang='lat' dir='ltr'><strong>esse,</strong></span> <span class='ocrx_word' id='word_1_68' title='bbox 1140 1227 1202 1300; x_wconf 91' lang='lat' dir='ltr'><strong>sed</strong></span> <span class='ocrx_word' id='word_1_69' title='bbox 1219 1254 1267 1300; x_wconf 86' lang='lat' dir='ltr'><strong>ex</strong></span> 
     </span>
     <span class='ocr_line' id='line_1_10' title="bbox 197 1338 1267 1437; baseline -0.002 -27"><span class='ocrx_word' id='word_1_70' title='bbox 197 1339 300 1410; x_wconf 81' lang='lat' dir='ltr'><strong>india</strong></span> <span class='ocrx_word' id='word_1_71' title='bbox 318 1341 355 1410; x_wconf 93' lang='lat' dir='ltr'><strong>in</strong></span> <span class='ocrx_word' id='word_1_72' title='bbox 369 1343 584 1437; x_wconf 86' lang='lat' dir='ltr'><strong>Hyrcaniam</strong></span> <span class='ocrx_word' id='word_1_73' title='bbox 601 1342 750 1427; x_wconf 89' lang='lat' dir='ltr'><strong>cadere,</strong></span> <span class='ocrx_word' id='word_1_74' title='bbox 764 1343 866 1436; x_wconf 85' lang='lat' dir='ltr'><strong>cujus</strong></span> <span class='ocrx_word' id='word_1_75' title='bbox 884 1338 1081 1437; x_wconf 83' lang='lat' dir='ltr'><strong>fastigium,</strong></span> <span class='ocrx_word' id='word_1_76' title='bbox 1100 1354 1267 1437; x_wconf 90' lang='lat' dir='ltr'><strong>utsupra</strong></span> 
     </span>
     <span class='ocr_line' id='line_1_11' title="bbox 152 1447 1266 1547; baseline -0.004 -27"><span class='ocrx_word' id='word_1_77' title='bbox 152 1447 332 1520; x_wconf 68' lang='lat' dir='ltr'><strong>aedictum</strong></span> <span class='ocrx_word' id='word_1_78' title='bbox 353 1465 427 1538; x_wconf 88' lang='lat' dir='ltr'><strong>est,</strong></span> <span class='ocrx_word' id='word_1_79' title='bbox 450 1465 627 1547; x_wconf 89' lang='lat' dir='ltr'><strong>perpetua</strong></span> <span class='ocrx_word' id='word_1_80' title='bbox 649 1451 742 1522; x_wconf 87' lang='lat' dir='ltr'><strong>valle</strong></span> <span class='ocrx_word' id='word_1_81' title='bbox 767 1451 1001 1523; x_wconf 83' lang='lat' dir='ltr'><strong>submittitur.</strong></span> <span class='ocrx_word' id='word_1_82' title='bbox 1022 1450 1115 1519; x_wconf 89' lang='lat' dir='ltr'><strong>Hinc</strong></span> <span class='ocrx_word' id='word_1_83' title='bbox 1132 1472 1198 1519; x_wconf 85' lang='lat' dir='ltr'><strong>rex</strong></span> <span class='ocrx_word' id='word_1_84' title='bbox 1217 1471 1266 1516; x_wconf 84' lang='lat' dir='ltr'><strong>xx</strong></span> 
     </span>
     <span class='ocr_line' id='line_1_12' title="bbox 193 1554 1268 1658; baseline -0.003 -31"><span class='ocrx_word' id='word_1_85' title='bbox 193 1557 309 1627; x_wconf 83' lang='lat' dir='ltr'><strong>stadia</strong></span> <span class='ocrx_word' id='word_1_86' title='bbox 323 1560 513 1654; x_wconf 88' lang='lat' dir='ltr'><strong>processit,</strong></span> <span class='ocrx_word' id='word_1_87' title='bbox 535 1561 660 1630; x_wconf 89' lang='lat' dir='ltr'><strong>semita</strong></span> <span class='ocrx_word' id='word_1_88' title='bbox 676 1561 942 1658; x_wconf 85' lang='lat' dir='ltr'><strong>propemodum</strong></span> <span class='ocrx_word' id='word_1_89' title='bbox 958 1559 1075 1644; x_wconf 88' lang='lat' dir='ltr'><strong>invia,</strong></span> <span class='ocrx_word' id='word_1_90' title='bbox 1092 1556 1150 1627; x_wconf 91' lang='lat' dir='ltr'><strong>cui</strong></span> <span class='ocrx_word' id='word_1_91' title='bbox 1166 1554 1268 1652; x_wconf 86' lang='lat' dir='ltr'><strong>sylva</strong></span> 
     </span>
    </p>
   </div>
   <div class='ocr_carea' id='block_1_3' title="bbox 150 1774 1272 4050">
    <p class='ocr_par' dir='ltr' id='par_1_3' title="bbox 150 1774 1272 4050">
     <span class='ocr_line' id='line_1_13' title="bbox 198 1774 1270 1842; baseline 0.003 -21"><span class='ocrx_word' id='word_1_92' title='bbox 198 1774 250 1822; x_wconf 89' lang='lat' dir='ltr'><strong>rius</strong></span> <span class='ocrx_word' id='word_1_93' title='bbox 267 1775 297 1822; x_wconf 88' lang='lat' dir='ltr'><strong>ab</strong></span> <span class='ocrx_word' id='word_1_94' title='bbox 313 1778 450 1840; x_wconf 80' lang='lat' dir='ltr'><strong>Hyrcanis,</strong></span> <span class='ocrx_word' id='word_1_95' title='bbox 468 1778 569 1827; x_wconf 87' lang='lat' dir='ltr'><strong>litorum</strong></span> <span class='ocrx_word' id='word_1_96' title='bbox 582 1779 613 1828; x_wconf 81' lang='lat' dir='ltr'><strong>ad</strong></span> <span class='ocrx_word' id='word_1_97' title='bbox 627 1789 709 1828; x_wconf 89' lang='lat' dir='ltr'><strong>ortum</strong></span> <span class='ocrx_word' id='word_1_98' title='bbox 752 1780 808 1829; x_wconf 76' lang='lat' dir='ltr'><strong>cali</strong></span> <span class='ocrx_word' id='word_1_99' title='bbox 824 1790 905 1842; x_wconf 84' lang='lat' dir='ltr'><strong>statu,</strong></span> <span class='ocrx_word' id='word_1_100' title='bbox 920 1780 968 1827; x_wconf 85' lang='lat' dir='ltr'><strong>alio</strong></span> <span class='ocrx_word' id='word_1_101' title='bbox 982 1789 1107 1842; x_wconf 81' lang='lat' dir='ltr'><strong>tempore,</strong></span> <span class='ocrx_word' id='word_1_102' title='bbox 1125 1792 1170 1840; x_wconf 92' lang='lat' dir='ltr'><strong>per</strong></span> <span class='ocrx_word' id='word_1_103' title='bbox 1183 1774 1270 1834; x_wconf 70' lang='lat' dir='ltr'><strong>alces,</strong></span> 
     </span>
     <span class='ocr_line' id='line_1_14' title="bbox 198 1856 1272 1925; baseline 0 -23"><span class='ocrx_word' id='word_1_104' title='bbox 198 1856 359 1917; x_wconf 71' lang='lat' dir='ltr'><strong>spectantium</strong></span> <span class='ocrx_word' id='word_1_105' title='bbox 368 1867 462 1919; x_wconf 88' lang='lat' dir='ltr'><strong>partem</strong></span> <span class='ocrx_word' id='word_1_106' title='bbox 471 1858 618 1906; x_wconf 87' lang='lat' dir='ltr'><strong>tenentibus.</strong></span> <span class='ocrx_word' id='word_1_107' title='bbox 624 1859 710 1906; x_wconf 87' lang='lat' dir='ltr'><strong>Nostri</strong></span> <span class='ocrx_word' id='word_1_108' title='bbox 752 1859 856 1923; x_wconf 84' lang='lat' dir='ltr'><strong>recipere</strong></span> <span class='ocrx_word' id='word_1_109' title='bbox 873 1859 898 1906; x_wconf 82' lang='lat' dir='ltr'><strong>in</strong></span> <span class='ocrx_word' id='word_1_110' title='bbox 912 1875 939 1906; x_wconf 83' lang='lat' dir='ltr'><strong>se</strong></span> <span class='ocrx_word' id='word_1_111' title='bbox 946 1858 1055 1925; x_wconf 84' lang='lat' dir='ltr'><strong>fretum,</strong></span> <span class='ocrx_word' id='word_1_112' title='bbox 1070 1857 1119 1905; x_wconf 88' lang='lat' dir='ltr'><strong>boc</strong></span> <span class='ocrx_word' id='word_1_113' title='bbox 1132 1867 1184 1915; x_wconf 89' lang='lat' dir='ltr'><strong>est,</strong></span> <span class='ocrx_word' id='word_1_114' title='bbox 1204 1856 1272 1903; x_wconf 84' lang='lat' dir='ltr'><strong>reci·</strong></span> 
     </span>
     <span class='ocr_line' id='line_1_15' title="bbox 198 1931 1271 2002; baseline 0.001 -22"><span class='ocrx_word' id='word_1_115' title='bbox 198 1931 278 1980; x_wconf 84' lang='lat' dir='ltr'><strong>Codd.</strong></span> <span class='ocrx_word' id='word_1_116' title='bbox 287 1933 380 1981; x_wconf 88' lang='lat' dir='ltr'><strong>babent</strong></span> <span class='ocrx_word' id='word_1_117' title='bbox 392 1935 549 1998; x_wconf 80' lang='lat' dir='ltr'><strong>Hyrcanium.</strong></span> <span class='ocrx_word' id='word_1_118' title='bbox 560 1963 595 1974; x_wconf 93' lang='lat'><em>-</em></span> <span class='ocrx_word' id='word_1_119' title='bbox 603 1936 709 1985; x_wconf 73' lang='lat' dir='ltr'><strong>Moeoetn</strong></span> <span class='ocrx_word' id='word_1_120' title='bbox 746 1955 811 2002; x_wconf 69' lang='lat' dir='ltr'><strong>,pere</strong></span> <span class='ocrx_word' id='word_1_121' title='bbox 820 1939 899 1986; x_wconf 85' lang='lat' dir='ltr'><strong>undas</strong></span> <span class='ocrx_word' id='word_1_122' title='bbox 907 1955 962 1986; x_wconf 87' lang='lat' dir='ltr'><strong>snas</strong></span> <span class='ocrx_word' id='word_1_123' title='bbox 971 1936 1135 1995; x_wconf 66' lang='lat' dir='ltr'><strong>extimulat,</strong></span> <span class='ocrx_word' id='word_1_124' title='bbox 1144 1943 1271 1998; x_wconf 73' lang='lat' dir='ltr'><strong>qnaeaestu</strong></span> 
     </span>
     <span class='ocr_line' id='line_1_16' title="bbox 150 2002 1269 2078; baseline 0.001 -20"><span class='ocrx_word' id='word_1_125' title='bbox 150 2002 152 2008; x_wconf 56' lang='grc'>’</span> <span class='ocrx_word' id='word_1_126' title='bbox 195 2011 324 2075; x_wconf 82' lang='lat' dir='ltr'><strong>paludem.</strong></span> <span class='ocrx_word' id='word_1_127' title='bbox 338 2015 371 2060; x_wconf 88' lang='lat' dir='ltr'><strong>Ut</strong></span> <span class='ocrx_word' id='word_1_128' title='bbox 384 2014 467 2061; x_wconf 85' lang='lat' dir='ltr'><strong>videre</strong></span> <span class='ocrx_word' id='word_1_129' title='bbox 482 2026 518 2063; x_wconf 88' lang='lat' dir='ltr'><strong>est</strong></span> <span class='ocrx_word' id='word_1_130' title='bbox 531 2033 563 2064; x_wconf 80' lang='lat' dir='ltr'><strong>ex</strong></span> <span class='ocrx_word' id='word_1_131' title='bbox 575 2017 709 2074; x_wconf 85' lang='lat' dir='ltr'><strong>Strabone,</strong></span> <span class='ocrx_word' id='word_1_132' title='bbox 753 2033 798 2065; x_wconf 90' lang='lat' dir='ltr'><strong>suo</strong></span> <span class='ocrx_word' id='word_1_133' title='bbox 808 2017 951 2076; x_wconf 77' lang='lat' dir='ltr'><strong>inundarst3</strong></span> <span class='ocrx_word' id='word_1_134' title='bbox 963 2017 1050 2064; x_wconf 85' lang='lat' dir='ltr'><strong>fretum</strong></span> <span class='ocrx_word' id='word_1_135' title='bbox 1058 2015 1121 2063; x_wconf 81' lang='lat' dir='ltr'><strong>dixit</strong></span> <span class='ocrx_word' id='word_1_136' title='bbox 1128 2029 1174 2078; x_wconf 93' lang='lat' dir='ltr'><strong>pro</strong></span> <span class='ocrx_word' id='word_1_137' title='bbox 1182 2013 1269 2076; x_wconf 85' lang='lat' dir='ltr'><strong>aquis,</strong></span> 
     </span>
     <span class='ocr_line' id='line_1_17' title="bbox 197 2090 1271 2160; baseline -0.014 -9"><span class='ocrx_word' id='word_1_138' title='bbox 197 2104 224 2153; x_wconf 83' lang='lat' dir='ltr'><strong>P·</strong></span> <span class='ocrx_word' id='word_1_139' title='bbox 233 2090 452 2150; x_wconf 57' lang='lat' dir='ltr'><strong>&#39;lllsfflfflfldeh</strong></span> <span class='ocrx_word' id='word_1_140' title='bbox 460 2103 484 2140; x_wconf 74' lang='lat' dir='ltr'><strong>et</strong></span> <span class='ocrx_word' id='word_1_141' title='bbox 490 2104 546 2158; x_wconf 88' lang='lat' dir='ltr'><strong>post</strong></span> <span class='ocrx_word' id='word_1_142' title='bbox 552 2094 619 2142; x_wconf 87' lang='lat' dir='ltr'><strong>bunc</strong></span> <span class='ocrx_word' id='word_1_143' title='bbox 627 2111 708 2158; x_wconf 87' lang='lat' dir='ltr'><strong>regem</strong></span> <span class='ocrx_word' id='word_1_144' title='bbox 753 2106 781 2143; x_wconf 93' lang='lat' dir='ltr'><strong>ut</strong></span> <span class='ocrx_word' id='word_1_145' title='bbox 790 2113 869 2160; x_wconf 78' lang='lat' dir='ltr'><strong>saepe3</strong></span> <span class='ocrx_word' id='word_1_146' title='bbox 882 2095 1012 2159; x_wconf 80' lang='lat' dir='ltr'><strong>eodemque</strong></span> <span class='ocrx_word' id='word_1_147' title='bbox 1024 2093 1125 2159; x_wconf 60' lang='lat' dir='ltr'><strong>imffltu,</strong></span> <span class='ocrx_word' id='word_1_148' title='bbox 1138 2108 1186 2156; x_wconf 89' lang='lat' dir='ltr'><strong>qno</strong></span> <span class='ocrx_word' id='word_1_149' title='bbox 1199 2090 1271 2158; x_wconf 76' lang='lat' dir='ltr'><strong>effis-</strong></span> 
     </span>
     <span class='ocr_line' id='line_1_18' title="bbox 199 2167 1270 2237; baseline 0.004 -23"><span class='ocrx_word' id='word_1_150' title='bbox 199 2167 270 2215; x_wconf 88' lang='lat' dir='ltr'><strong>multi</strong></span> <span class='ocrx_word' id='word_1_151' title='bbox 278 2170 437 2219; x_wconf 87' lang='lat' dir='ltr'><strong>crediderunt</strong></span> <span class='ocrx_word' id='word_1_152' title='bbox 445 2208 452 2233; x_wconf 91' lang='lat'><strong>,</strong></span> <span class='ocrx_word' id='word_1_153' title='bbox 460 2173 574 2237; x_wconf 82' lang='lat' dir='ltr'><strong>Caspium</strong></span> <span class='ocrx_word' id='word_1_154' title='bbox 584 2191 662 2233; x_wconf 85' lang='lat' dir='ltr'><strong>mare,</strong></span> <span class='ocrx_word' id='word_1_155' title='bbox 672 2175 710 2222; x_wconf 87' lang='lat' dir='ltr'><strong>vel</strong></span> <span class='ocrx_word' id='word_1_156' title='bbox 753 2192 792 2222; x_wconf 84' lang='lat' dir='ltr'><strong>sus</strong></span> <span class='ocrx_word' id='word_1_157' title='bbox 798 2174 841 2231; x_wconf 85' lang='lat' dir='ltr'><strong>sit,</strong></span> <span class='ocrx_word' id='word_1_158' title='bbox 852 2192 883 2223; x_wconf 84' lang='lat' dir='ltr'><strong>ex</strong></span> <span class='ocrx_word' id='word_1_159' title='bbox 891 2177 1005 2224; x_wconf 84' lang='lat' dir='ltr'><strong>litoribus</strong></span> <span class='ocrx_word' id='word_1_160' title='bbox 1014 2174 1168 2228; x_wconf 77' lang='lat' dir='ltr'><strong>relabentem,</strong></span> <span class='ocrx_word' id='word_1_161' title='bbox 1178 2183 1270 2219; x_wconf 88' lang='lat' dir='ltr'><strong>terram</strong></span> 
     </span>
     <span class='ocr_line' id='line_1_19' title="bbox 199 2247 1269 2316; baseline 0.001 -21"><span class='ocrx_word' id='word_1_162' title='bbox 199 2247 266 2297; x_wconf 88' lang='lat' dir='ltr'><strong>idem</strong></span> <span class='ocrx_word' id='word_1_163' title='bbox 278 2267 329 2298; x_wconf 89' lang='lat' dir='ltr'><strong>esse</strong></span> <span class='ocrx_word' id='word_1_164' title='bbox 340 2269 396 2300; x_wconf 89' lang='lat' dir='ltr'><strong>cum</strong></span> <span class='ocrx_word' id='word_1_165' title='bbox 408 2254 538 2314; x_wconf 87' lang='lat' dir='ltr'><strong>Maeotide,</strong></span> <span class='ocrx_word' id='word_1_166' title='bbox 552 2255 591 2302; x_wconf 85' lang='lat' dir='ltr'><strong>vel</strong></span> <span class='ocrx_word' id='word_1_167' title='bbox 603 2271 659 2303; x_wconf 87' lang='lat' dir='ltr'><strong>cum</strong></span> <span class='ocrx_word' id='word_1_168' title='bbox 669 2255 709 2303; x_wconf 88' lang='lat' dir='ltr'><strong>illa</strong></span> <span class='ocrx_word' id='word_1_169' title='bbox 753 2264 847 2303; x_wconf 72' lang='lat' dir='ltr'><strong>natura</strong></span> <span class='ocrx_word' id='word_1_170' title='bbox 859 2271 911 2303; x_wconf 77' lang='lat' dir='ltr'><strong>rua</strong></span> <span class='ocrx_word' id='word_1_171' title='bbox 924 2255 1040 2316; x_wconf 79' lang='lat' dir='ltr'><strong>reddere,</strong></span> <span class='ocrx_word' id='word_1_172' title='bbox 1055 2254 1105 2301; x_wconf 92' lang='lat' dir='ltr'><strong>hoc</strong></span> <span class='ocrx_word' id='word_1_173' title='bbox 1120 2262 1173 2310; x_wconf 86' lang='lat' dir='ltr'><strong>est,</strong></span> <span class='ocrx_word' id='word_1_174' title='bbox 1193 2250 1269 2297; x_wconf 80' lang='lat' dir='ltr'><strong>litora</strong></span> 
     </span>
     <span class='ocr_line' id='line_1_20' title="bbox 200 2328 1270 2397; baseline 0 -22"><span class='ocrx_word' id='word_1_175' title='bbox 200 2339 281 2376; x_wconf 88' lang='lat' dir='ltr'><strong>meatu</strong></span> <span class='ocrx_word' id='word_1_176' title='bbox 295 2331 401 2392; x_wconf 84' lang='lat' dir='ltr'><strong>quodam</strong></span> <span class='ocrx_word' id='word_1_177' title='bbox 415 2335 575 2394; x_wconf 87' lang='lat' dir='ltr'><strong>conjunctum</strong></span> <span class='ocrx_word' id='word_1_178' title='bbox 598 2350 663 2393; x_wconf 82' lang='lat' dir='ltr'><strong>esse,</strong></span> <span class='ocrx_word' id='word_1_179' title='bbox 687 2345 711 2382; x_wconf 91' lang='lat' dir='ltr'><strong>et</strong></span> <span class='ocrx_word' id='word_1_180' title='bbox 754 2333 893 2396; x_wconf 81' lang='lat' dir='ltr'><strong>relinquere</strong></span> <span class='ocrx_word' id='word_1_181' title='bbox 913 2335 966 2382; x_wconf 89' lang='lat' dir='ltr'><strong>sine</strong></span> <span class='ocrx_word' id='word_1_182' title='bbox 985 2334 1062 2397; x_wconf 85' lang='lat' dir='ltr'><strong>aquis.</strong></span> <span class='ocrx_word' id='word_1_183' title='bbox 1082 2330 1201 2395; x_wconf 79' lang='lat' dir='ltr'><strong>Exposita</strong></span> <span class='ocrx_word' id='word_1_184' title='bbox 1221 2328 1270 2376; x_wconf 83' lang='lat' dir='ltr'><strong>bac</strong></span> 
     </span>
     <span class='ocr_line' id='line_1_21' title="bbox 198 2409 1270 2477; baseline 0 -23"><span class='ocrx_word' id='word_1_185' title='bbox 198 2417 294 2470; x_wconf 84' lang='lat' dir='ltr'><strong>partem</strong></span> <span class='ocrx_word' id='word_1_186' title='bbox 307 2409 372 2457; x_wconf 90' lang='lat' dir='ltr'><strong>illius</strong></span> <span class='ocrx_word' id='word_1_187' title='bbox 385 2411 434 2458; x_wconf 89' lang='lat' dir='ltr'><strong>dici</strong></span> <span class='ocrx_word' id='word_1_188' title='bbox 446 2429 526 2476; x_wconf 87' lang='lat' dir='ltr'><strong>posse.</strong></span> <span class='ocrx_word' id='word_1_189' title='bbox 541 2413 601 2474; x_wconf 87' lang='lat' dir='ltr'><strong>Quae</strong></span> <span class='ocrx_word' id='word_1_190' title='bbox 611 2412 711 2460; x_wconf 87' lang='lat' dir='ltr'><strong>menda·</strong></span> <span class='ocrx_word' id='word_1_191' title='bbox 755 2414 848 2461; x_wconf 87' lang='lat' dir='ltr'><strong>Oceani</strong></span> <span class='ocrx_word' id='word_1_192' title='bbox 861 2423 948 2461; x_wconf 83' lang='lat' dir='ltr'><strong>natura</strong></span> <span class='ocrx_word' id='word_1_193' title='bbox 958 2413 1038 2477; x_wconf 88' lang='lat' dir='ltr'><strong>pergit</strong></span> <span class='ocrx_word' id='word_1_194' title='bbox 1048 2429 1054 2459; x_wconf 80' lang='lat' dir='ltr'><strong><em>z</em></strong></span> <span class='ocrx_word' id='word_1_195' title='bbox 1068 2421 1093 2459; x_wconf 83' lang='lat' dir='ltr'><strong>et</strong></span> <span class='ocrx_word' id='word_1_196' title='bbox 1102 2409 1206 2476; x_wconf 85' lang='lat' dir='ltr'><strong>quidam</strong></span> <span class='ocrx_word' id='word_1_197' title='bbox 1216 2424 1270 2455; x_wconf 80' lang='lat' dir='ltr'><strong>ere·</strong></span> 
     </span>
     <span class='ocr_line' id='line_1_22' title="bbox 200 2487 1270 2556; baseline -0.002 -22"><span class='ocrx_word' id='word_1_198' title='bbox 200 2487 238 2534; x_wconf 89' lang='lat' dir='ltr'><strong>cia</strong></span> <span class='ocrx_word' id='word_1_199' title='bbox 250 2488 277 2535; x_wconf 89' lang='lat' dir='ltr'><strong>in</strong></span> <span class='ocrx_word' id='word_1_200' title='bbox 290 2489 343 2536; x_wconf 81' lang='lat' dir='ltr'><strong>aliis</strong></span> <span class='ocrx_word' id='word_1_201' title='bbox 357 2507 456 2554; x_wconf 88' lang='lat' dir='ltr'><strong>quoqne</strong></span> <span class='ocrx_word' id='word_1_202' title='bbox 470 2492 571 2556; x_wconf 85' lang='lat' dir='ltr'><strong>repetita</strong></span> <span class='ocrx_word' id='word_1_203' title='bbox 583 2491 712 2540; x_wconf 83' lang='lat' dir='ltr'><strong>inveniun·</strong></span> <span class='ocrx_word' id='word_1_204' title='bbox 755 2492 848 2547; x_wconf 84' lang='lat' dir='ltr'><strong>didere,</strong></span> <span class='ocrx_word' id='word_1_205' title='bbox 860 2508 907 2539; x_wconf 89' lang='lat' dir='ltr'><strong>non</strong></span> <span class='ocrx_word' id='word_1_206' title='bbox 918 2491 1032 2556; x_wconf 83' lang='lat' dir='ltr'><strong>Caspium</strong></span> <span class='ocrx_word' id='word_1_207' title='bbox 1041 2505 1109 2538; x_wconf 86' lang='lat' dir='ltr'><strong>mare</strong></span> <span class='ocrx_word' id='word_1_208' title='bbox 1115 2504 1167 2535; x_wconf 82' lang='lat' dir='ltr'><strong>esse</strong></span> <span class='ocrx_word' id='word_1_209' title='bbox 1173 2487 1270 2534; x_wconf 85' lang='lat' dir='ltr'><strong>discre-</strong></span> 
     </span>
     <span class='ocr_line' id='line_1_23' title="bbox 200 2565 1270 2634; baseline -0.002 -20"><span class='ocrx_word' id='word_1_210' title='bbox 200 2577 248 2615; x_wconf 88' lang='lat' dir='ltr'><strong>tur.</strong></span> <span class='ocrx_word' id='word_1_211' title='bbox 262 2569 385 2617; x_wconf 85' lang='lat' dir='ltr'><strong>Maeotidis</strong></span> <span class='ocrx_word' id='word_1_212' title='bbox 398 2586 484 2634; x_wconf 87' lang='lat' dir='ltr'><strong>aquam</strong></span> <span class='ocrx_word' id='word_1_213' title='bbox 499 2571 633 2618; x_wconf 89' lang='lat' dir='ltr'><strong>dulciorem</strong></span> <span class='ocrx_word' id='word_1_214' title='bbox 644 2587 711 2631; x_wconf 84' lang='lat' dir='ltr'><strong>esse,</strong></span> <span class='ocrx_word' id='word_1_215' title='bbox 755 2580 806 2618; x_wconf 88' lang='lat' dir='ltr'><strong>turn</strong></span> <span class='ocrx_word' id='word_1_216' title='bbox 826 2571 857 2618; x_wconf 82' lang='lat' dir='ltr'><strong>ab</strong></span> <span class='ocrx_word' id='word_1_217' title='bbox 875 2573 989 2629; x_wconf 85' lang='lat' dir='ltr'><strong>Oceano,</strong></span> <span class='ocrx_word' id='word_1_218' title='bbox 1012 2569 1057 2617; x_wconf 89' lang='lat' dir='ltr'><strong>sed</strong></span> <span class='ocrx_word' id='word_1_219' title='bbox 1076 2568 1156 2632; x_wconf 86' lang='lat' dir='ltr'><strong>ipsius</strong></span> <span class='ocrx_word' id='word_1_220' title='bbox 1172 2565 1270 2613; x_wconf 83' lang='lat' dir='ltr'><strong>Oceani</strong></span> 
     </span>
     <span class='ocr_line' id='line_1_24' title="bbox 200 2645 1270 2713; baseline -0.003 -20"><span class='ocrx_word' id='word_1_221' title='bbox 200 2661 273 2708; x_wconf 89' lang='lat' dir='ltr'><strong>quam</strong></span> <span class='ocrx_word' id='word_1_222' title='bbox 280 2648 430 2710; x_wconf 87' lang='lat' dir='ltr'><strong>reliquorum</strong></span> <span class='ocrx_word' id='word_1_223' title='bbox 438 2649 645 2712; x_wconf 81' lang='lat' dir='ltr'><strong>marium,praeter</strong></span> <span class='ocrx_word' id='word_1_224' title='bbox 651 2650 711 2696; x_wconf 90' lang='lat' dir='ltr'><strong>alios</strong></span> <span class='ocrx_word' id='word_1_225' title='bbox 754 2661 862 2713; x_wconf 87' lang='lat' dir='ltr'><strong>partem,</strong></span> <span class='ocrx_word' id='word_1_226' title='bbox 874 2651 971 2698; x_wconf 87' lang='lat' dir='ltr'><strong>Indiam</strong></span> <span class='ocrx_word' id='word_1_227' title='bbox 987 2660 1010 2696; x_wconf 90' lang='lat' dir='ltr'><strong>et</strong></span> <span class='ocrx_word' id='word_1_228' title='bbox 1021 2647 1143 2712; x_wconf 83' lang='lat' dir='ltr'><strong>Scythiam</strong></span> <span class='ocrx_word' id='word_1_229' title='bbox 1154 2645 1270 2692; x_wconf 86' lang='lat' dir='ltr'><strong>ambien-</strong></span> 
     </span>
     <span class='ocr_line' id='line_1_25' title="bbox 191 2723 1270 2793; baseline 0 -24"><span class='ocrx_word' id='word_1_230' title='bbox 191 2735 226 2772; x_wconf 71' lang='lat' dir='ltr'><strong>,et</strong></span> <span class='ocrx_word' id='word_1_231' title='bbox 237 2725 354 2790; x_wconf 79' lang='lat' dir='ltr'><strong>Polybius</strong></span> <span class='ocrx_word' id='word_1_232' title='bbox 367 2737 472 2775; x_wconf 85' lang='lat' dir='ltr'><strong>testatur.</strong></span> <span class='ocrx_word' id='word_1_233' title='bbox 486 2755 519 2764; x_wconf 91' lang='lat'><strong>·-</strong></span> <span class='ocrx_word' id='word_1_234' title='bbox 534 2728 607 2792; x_wconf 84' lang='lat' dir='ltr'><strong>Quod</strong></span> <span class='ocrx_word' id='word_1_235' title='bbox 618 2727 711 2776; x_wconf 79' lang='lat' dir='ltr'><strong>dulcior</strong></span> <span class='ocrx_word' id='word_1_236' title='bbox 754 2729 799 2787; x_wconf 85' lang='lat' dir='ltr'><strong>tis,</strong></span> <span class='ocrx_word' id='word_1_237' title='bbox 815 2746 828 2777; x_wconf 91' lang='lat' dir='ltr'><strong>a</strong></span> <span class='ocrx_word' id='word_1_238' title='bbox 841 2729 1014 2793; x_wconf 87' lang='lat' dir='ltr'><strong>septemtrione</strong></span> <span class='ocrx_word' id='word_1_239' title='bbox 1027 2727 1102 2789; x_wconf 88' lang='lat' dir='ltr'><strong>igitur</strong></span> <span class='ocrx_word' id='word_1_240' title='bbox 1114 2725 1141 2771; x_wconf 93' lang='lat' dir='ltr'><strong>in</strong></span> <span class='ocrx_word' id='word_1_241' title='bbox 1154 2723 1214 2771; x_wconf 85' lang='lat' dir='ltr'><strong>litus</strong></span> <span class='ocrx_word' id='word_1_242' title='bbox 1228 2723 1270 2769; x_wconf 92' lang='lat' dir='ltr'><strong>in·</strong></span> 
     </span>
     <span class='ocr_line' id='line_1_26' title="bbox 199 2800 1269 2870; baseline -0.002 -20"><span class='ocrx_word' id='word_1_243' title='bbox 199 2803 238 2851; x_wconf 83' lang='lat' dir='ltr'><strong>sit.</strong></span> <span class='ocrx_word' id='word_1_244' title='bbox 249 2804 288 2851; x_wconf 88' lang='lat' dir='ltr'><strong>Sic</strong></span> <span class='ocrx_word' id='word_1_245' title='bbox 297 2815 401 2866; x_wconf 85' lang='lat' dir='ltr'><strong>quatuor</strong></span> <span class='ocrx_word' id='word_1_246' title='bbox 409 2807 488 2855; x_wconf 89' lang='lat' dir='ltr'><strong>Codd.</strong></span> <span class='ocrx_word' id='word_1_247' title='bbox 498 2807 592 2870; x_wconf 84' lang='lat' dir='ltr'><strong>Vulgo,</strong></span> <span class='ocrx_word' id='word_1_248' title='bbox 601 2823 649 2870; x_wconf 86' lang='lat' dir='ltr'><strong>quo</strong></span> <span class='ocrx_word' id='word_1_249' title='bbox 658 2807 711 2855; x_wconf 81' lang='lat' dir='ltr'><strong>dut-</strong></span> <span class='ocrx_word' id='word_1_250' title='bbox 754 2809 904 2866; x_wconf 85' lang='lat' dir='ltr'><strong>eumbentis,</strong></span> <span class='ocrx_word' id='word_1_251' title='bbox 917 2818 941 2854; x_wconf 89' lang='lat' dir='ltr'><strong>et</strong></span> <span class='ocrx_word' id='word_1_252' title='bbox 953 2800 988 2854; x_wconf 83' lang='lat' dir='ltr'><strong>sic</strong></span> <span class='ocrx_word' id='word_1_253' title='bbox 997 2823 1030 2854; x_wconf 75' lang='lat' dir='ltr'><strong>ex</strong></span> <span class='ocrx_word' id='word_1_254' title='bbox 1039 2803 1113 2852; x_wconf 87' lang='lat' dir='ltr'><strong>India</strong></span> <span class='ocrx_word' id='word_1_255' title='bbox 1123 2819 1168 2867; x_wconf 88' lang='lat' dir='ltr'><strong>per</strong></span> <span class='ocrx_word' id='word_1_256' title='bbox 1177 2802 1269 2848; x_wconf 81' lang='lat' dir='ltr'><strong>fretum</strong></span> 
     </span>
     <span class='ocr_line' id='line_1_27' title="bbox 201 2879 1270 2952; baseline -0.001 -23"><span class='ocrx_word' id='word_1_257' title='bbox 201 2881 253 2929; x_wconf 87' lang='lat' dir='ltr'><strong>cior</strong></span> <span class='ocrx_word' id='word_1_258' title='bbox 265 2880 308 2939; x_wconf 89' lang='lat' dir='ltr'><strong>sit,</strong></span> <span class='ocrx_word' id='word_1_259' title='bbox 323 2900 396 2930; x_wconf 88' lang='lat' dir='ltr'><strong>sensu</strong></span> <span class='ocrx_word' id='word_1_260' title='bbox 410 2885 554 2933; x_wconf 81' lang='lat' dir='ltr'><strong>obscuriori.</strong></span> <span class='ocrx_word' id='word_1_261' title='bbox 755 2889 854 2952; x_wconf 81' lang='lat' dir='ltr'><strong>aliquod</strong></span> <span class='ocrx_word' id='word_1_262' title='bbox 864 2888 889 2936; x_wconf 88' lang='lat' dir='ltr'><strong>in</strong></span> <span class='ocrx_word' id='word_1_263' title='bbox 897 2886 1047 2951; x_wconf 80' lang='lat' dir='ltr'><strong>Hyrcaniam</strong></span> <span class='ocrx_word' id='word_1_264' title='bbox 1057 2880 1175 2931; x_wconf 82' lang='lat' dir='ltr'><strong>cadentis.</strong></span> <span class='ocrx_word' id='word_1_265' title='bbox 1189 2879 1270 2943; x_wconf 86' lang='lat' dir='ltr'><strong>Quod</strong></span> 
     </span>
     <span class='ocr_line' id='line_1_28' title="bbox 239 2957 1270 3030; baseline -0.004 -21"><span class='ocrx_word' id='word_1_266' title='bbox 239 2978 279 3025; x_wconf 89' lang='lat'><strong>19.</strong></span> <span class='ocrx_word' id='word_1_267' title='bbox 297 2964 321 3009; x_wconf 81' lang='lat' dir='ltr'><em>A</em></span> <span class='ocrx_word' id='word_1_268' title='bbox 338 2963 503 3026; x_wconf 82' lang='lat' dir='ltr'><strong>septemtrione</strong></span> <span class='ocrx_word' id='word_1_269' title='bbox 519 2963 602 3029; x_wconf 82' lang='lat' dir='ltr'><strong>ingens</strong></span> <span class='ocrx_word' id='word_1_270' title='bbox 619 2962 644 3010; x_wconf 88' lang='lat' dir='ltr'><strong>in</strong></span> <span class='ocrx_word' id='word_1_271' title='bbox 657 2963 712 3011; x_wconf 83' lang='lat' dir='ltr'><strong>litus</strong></span> <span class='ocrx_word' id='word_1_272' title='bbox 754 2983 822 3030; x_wconf 75' lang='lat' dir='ltr'><strong>oeque</strong></span> <span class='ocrx_word' id='word_1_273' title='bbox 836 2967 921 3014; x_wconf 78' lang='lat' dir='ltr'><strong>falsum</strong></span> <span class='ocrx_word' id='word_1_274' title='bbox 932 2981 998 3023; x_wconf 83' lang='lat' dir='ltr'><strong>esse,</strong></span> <span class='ocrx_word' id='word_1_275' title='bbox 1012 2963 1102 3011; x_wconf 87' lang='lat' dir='ltr'><strong>nostris</strong></span> <span class='ocrx_word' id='word_1_276' title='bbox 1113 2957 1270 3023; x_wconf 72' lang='lat' dir='ltr'><strong>temporibus</strong></span> 
     </span>
     <span class='ocr_line' id='line_1_29' title="bbox 200 3037 1269 3109; baseline -0.004 -21"><span class='ocrx_word' id='word_1_277' title='bbox 200 3056 271 3088; x_wconf 86' lang='lat' dir='ltr'><strong>mare</strong></span> <span class='ocrx_word' id='word_1_278' title='bbox 288 3040 409 3091; x_wconf 81' lang='lat' dir='ltr'><strong>inamabit.</strong></span> <span class='ocrx_word' id='word_1_279' title='bbox 431 3043 529 3090; x_wconf 87' lang='lat' dir='ltr'><strong>Curtius</strong></span> <span class='ocrx_word' id='word_1_280' title='bbox 548 3043 609 3090; x_wconf 90' lang='lat' dir='ltr'><strong>alios</strong></span> <span class='ocrx_word' id='word_1_281' title='bbox 625 3053 710 3106; x_wconf 88' lang='lat' dir='ltr'><strong>putare</strong></span> <span class='ocrx_word' id='word_1_282' title='bbox 754 3047 878 3095; x_wconf 80' lang='lat' dir='ltr'><strong>neminem</strong></span> <span class='ocrx_word' id='word_1_283' title='bbox 889 3045 957 3109; x_wconf 83' lang='lat' dir='ltr'><strong>firgit.</strong></span> <span class='ocrx_word' id='word_1_284' title='bbox 967 3071 1001 3081; x_wconf 94' lang='lat'>-</span> <span class='ocrx_word' id='word_1_285' title='bbox 1011 3044 1036 3090; x_wconf 84' lang='lat' dir='ltr'><em>A</em></span> <span class='ocrx_word' id='word_1_286' title='bbox 1047 3037 1215 3105; x_wconf 86' lang='lat' dir='ltr'><strong>septemtrione</strong></span> <span class='ocrx_word' id='word_1_287' title='bbox 1228 3037 1269 3084; x_wconf 90' lang='lat' dir='ltr'><strong>in·</strong></span> 
     </span>
     <span class='ocr_line' id='line_1_30' title="bbox 170 3117 1270 3190; baseline -0.004 -22"><span class='ocrx_word' id='word_1_288' title='bbox 170 3173 171 3176; x_wconf 8' lang='grc' dir='ltr'><strong>Ἴ</strong></span> <span class='ocrx_word' id='word_1_289' title='bbox 202 3120 381 3181; x_wconf 82' lang='lat' dir='ltr'><strong>dixerat,mare</strong></span> <span class='ocrx_word' id='word_1_290' title='bbox 390 3121 505 3184; x_wconf 84' lang='lat' dir='ltr'><strong>Caspium</strong></span> <span class='ocrx_word' id='word_1_291' title='bbox 513 3138 568 3168; x_wconf 88' lang='lat' dir='ltr'><strong>curn</strong></span> <span class='ocrx_word' id='word_1_292' title='bbox 577 3121 712 3168; x_wconf 88' lang='lat' dir='ltr'><strong>lacuMaeo·</strong></span> <span class='ocrx_word' id='word_1_293' title='bbox 753 3141 823 3190; x_wconf 81' lang='lat' dir='ltr'><strong>gens.</strong></span> <span class='ocrx_word' id='word_1_294' title='bbox 842 3124 942 3187; x_wconf 75' lang='lat' dir='ltr'><strong>Pelagus</strong></span> <span class='ocrx_word' id='word_1_295' title='bbox 959 3123 986 3169; x_wconf 90' lang='lat' dir='ltr'><strong>in</strong></span> <span class='ocrx_word' id='word_1_296' title='bbox 999 3131 1092 3168; x_wconf 81' lang='lat' dir='ltr'><strong>vastum</strong></span> <span class='ocrx_word' id='word_1_297' title='bbox 1112 3118 1169 3166; x_wconf 88' lang='lat' dir='ltr'><strong>litus</strong></span> <span class='ocrx_word' id='word_1_298' title='bbox 1188 3117 1270 3165; x_wconf 80' lang='lat' dir='ltr'><strong>effun-</strong></span> 
     </span>
     <span class='ocr_line' id='line_1_31' title="bbox 202 3194 1270 3266; baseline -0.004 -20"><span class='ocrx_word' id='word_1_299' title='bbox 202 3199 253 3247; x_wconf 88' lang='lat' dir='ltr'><strong>tide</strong></span> <span class='ocrx_word' id='word_1_300' title='bbox 270 3202 429 3261; x_wconf 83' lang='lat' dir='ltr'><strong>conjunctum</strong></span> <span class='ocrx_word' id='word_1_301' title='bbox 446 3216 513 3250; x_wconf 76' lang='lat' dir='ltr'><strong>esse:</strong></span> <span class='ocrx_word' id='word_1_302' title='bbox 527 3215 594 3246; x_wconf 92' lang='lat' dir='ltr'><strong>nunc</strong></span> <span class='ocrx_word' id='word_1_303' title='bbox 608 3200 711 3247; x_wconf 85' lang='lat' dir='ltr'><strong>aliorum</strong></span> <span class='ocrx_word' id='word_1_304' title='bbox 756 3203 834 3262; x_wconf 85' lang='lat' dir='ltr'><strong>ditur,</strong></span> <span class='ocrx_word' id='word_1_305' title='bbox 853 3212 876 3250; x_wconf 89' lang='lat' dir='ltr'><strong>et</strong></span> <span class='ocrx_word' id='word_1_306' title='bbox 893 3200 979 3266; x_wconf 87' lang='lat' dir='ltr'><strong>procul</strong></span> <span class='ocrx_word' id='word_1_307' title='bbox 991 3198 1094 3262; x_wconf 89' lang='lat' dir='ltr'><strong>impellit</strong></span> <span class='ocrx_word' id='word_1_308' title='bbox 1106 3196 1203 3255; x_wconf 81' lang='lat' dir='ltr'><strong>nndas3</strong></span> <span class='ocrx_word' id='word_1_309' title='bbox 1224 3194 1270 3243; x_wconf 85' lang='lat' dir='ltr'><strong>ssd</strong></span> 
     </span>
     <span class='ocr_line' id='line_1_32' title="bbox 202 3273 1271 3345; baseline -0.004 -19"><span class='ocrx_word' id='word_1_310' title='bbox 202 3279 347 3326; x_wconf 88' lang='lat' dir='ltr'><strong>sententiam</strong></span> <span class='ocrx_word' id='word_1_311' title='bbox 365 3279 484 3326; x_wconf 87' lang='lat' dir='ltr'><strong>relaturus</strong></span> <span class='ocrx_word' id='word_1_312' title='bbox 503 3288 554 3334; x_wconf 90' lang='lat' dir='ltr'><strong>est,</strong></span> <span class='ocrx_word' id='word_1_313' title='bbox 575 3294 606 3324; x_wconf 80' lang='lat' dir='ltr'><strong>ex</strong></span> <span class='ocrx_word' id='word_1_314' title='bbox 623 3293 711 3341; x_wconf 83' lang='lat' dir='ltr'><strong>magno</strong></span> <span class='ocrx_word' id='word_1_315' title='bbox 756 3273 1271 3345; x_wconf 74' lang='lat' dir='ltr'><strong>magnsejnspars,p0stqusmexaestuando</strong></span> 
     </span>
     <span class='ocr_line' id='line_1_33' title="bbox 202 3355 1270 3420; baseline -0.004 -15"><span class='ocrx_word' id='word_1_316' title='bbox 202 3356 342 3405; x_wconf 85' lang='lat' dir='ltr'><strong>universam</strong></span> <span class='ocrx_word' id='word_1_317' title='bbox 369 3368 457 3404; x_wconf 88' lang='lat' dir='ltr'><strong>terram</strong></span> <span class='ocrx_word' id='word_1_318' title='bbox 481 3357 592 3420; x_wconf 83' lang='lat' dir='ltr'><strong>cingente</strong></span> <span class='ocrx_word' id='word_1_319' title='bbox 613 3357 712 3403; x_wconf 88' lang='lat' dir='ltr'><strong>Oceano</strong></span> <span class='ocrx_word' id='word_1_320' title='bbox 757 3360 844 3407; x_wconf 79' lang='lat' dir='ltr'><strong>diffusa</strong></span> <span class='ocrx_word' id='word_1_321' title='bbox 853 3360 942 3415; x_wconf 78' lang='lat' dir='ltr'><strong>sst,in</strong></span> <span class='ocrx_word' id='word_1_322' title='bbox 951 3357 1052 3404; x_wconf 90' lang='lat' dir='ltr'><strong>modum</strong></span> <span class='ocrx_word' id='word_1_323' title='bbox 1063 3355 1141 3418; x_wconf 84' lang='lat' dir='ltr'><strong>stagni</strong></span> <span class='ocrx_word' id='word_1_324' title='bbox 1149 3363 1270 3401; x_wconf 84' lang='lat' dir='ltr'><strong>remanet·</strong></span> 
     </span>
     <span class='ocr_line' id='line_1_34' title="bbox 202 3430 1270 3501; baseline -0.007 -17"><span class='ocrx_word' id='word_1_325' title='bbox 202 3437 290 3484; x_wconf 82' lang='lat' dir='ltr'><strong>fretum</strong></span> <span class='ocrx_word' id='word_1_326' title='bbox 302 3452 355 3483; x_wconf 86' lang='lat' dir='ltr'><strong>esse</strong></span> <span class='ocrx_word' id='word_1_327' title='bbox 366 3437 394 3483; x_wconf 94' lang='lat' dir='ltr'><strong>in</strong></span> <span class='ocrx_word' id='word_1_328' title='bbox 403 3453 467 3484; x_wconf 86' lang='lat' dir='ltr'><strong>mare</strong></span> <span class='ocrx_word' id='word_1_329' title='bbox 476 3437 605 3500; x_wconf 86' lang='lat' dir='ltr'><strong>Caspium,</strong></span> <span class='ocrx_word' id='word_1_330' title='bbox 614 3452 660 3483; x_wconf 87' lang='lat' dir='ltr'><strong>nec</strong></span> <span class='ocrx_word' id='word_1_331' title='bbox 669 3451 712 3484; x_wconf 84' lang='lat' dir='ltr'><strong>co·</strong></span> <span class='ocrx_word' id='word_1_332' title='bbox 755 3440 792 3487; x_wconf 87' lang='lat' dir='ltr'><strong>De</strong></span> <span class='ocrx_word' id='word_1_333' title='bbox 802 3438 890 3501; x_wconf 82' lang='lat' dir='ltr'><strong>Caspio</strong></span> <span class='ocrx_word' id='word_1_334' title='bbox 903 3436 963 3483; x_wconf 86' lang='lat' dir='ltr'><strong>mari</strong></span> <span class='ocrx_word' id='word_1_335' title='bbox 973 3434 1029 3481; x_wconf 88' lang='lat' dir='ltr'><strong>vide</strong></span> <span class='ocrx_word' id='word_1_336' title='bbox 1040 3432 1159 3497; x_wconf 85' lang='lat' dir='ltr'><strong>ampliora</strong></span> <span class='ocrx_word' id='word_1_337' title='bbox 1168 3432 1201 3480; x_wconf 83' lang='lat' dir='ltr'><strong>sd</strong></span> <span class='ocrx_word' id='word_1_338' title='bbox 1208 3430 1270 3478; x_wconf 84' lang='lat' dir='ltr'><strong>Iud.</strong></span> 
     </span>
     <span class='ocr_line' id='line_1_35' title="bbox 201 3511 1271 3582; baseline -0.005 -20"><span class='ocrx_word' id='word_1_339' title='bbox 201 3515 294 3563; x_wconf 74' lang='lat' dir='ltr'><strong>harere</strong></span> <span class='ocrx_word' id='word_1_340' title='bbox 307 3515 368 3563; x_wconf 88' lang='lat' dir='ltr'><strong>illud</strong></span> <span class='ocrx_word' id='word_1_341' title='bbox 378 3532 443 3563; x_wconf 88' lang='lat' dir='ltr'><strong>mare</strong></span> <span class='ocrx_word' id='word_1_342' title='bbox 455 3533 510 3564; x_wconf 86' lang='lat' dir='ltr'><strong>cum</strong></span> <span class='ocrx_word' id='word_1_343' title='bbox 522 3514 646 3562; x_wconf 87' lang='lat' dir='ltr'><strong>Maeotide.</strong></span> <span class='ocrx_word' id='word_1_344' title='bbox 657 3515 712 3576; x_wconf 90' lang='lat' dir='ltr'><strong>Qua</strong></span> <span class='ocrx_word' id='word_1_345' title='bbox 756 3533 837 3582; x_wconf 74' lang='lat' dir='ltr'><strong>geogr.</strong></span> <span class='ocrx_word' id='word_1_346' title='bbox 854 3543 889 3553; x_wconf 92' lang='lat'>-</span> <span class='ocrx_word' id='word_1_347' title='bbox 907 3515 1005 3562; x_wconf 86' lang='lat' dir='ltr'><strong>Terram</strong></span> <span class='ocrx_word' id='word_1_348' title='bbox 1021 3523 1116 3559; x_wconf 74' lang='lat' dir='ltr'><strong>natura</strong></span> <span class='ocrx_word' id='word_1_349' title='bbox 1130 3527 1189 3560; x_wconf 74' lang='lat' dir='ltr'><strong>sua.</strong></span> <span class='ocrx_word' id='word_1_350' title='bbox 1206 3511 1271 3558; x_wconf 80' lang='lat' dir='ltr'><strong>Ter·</strong></span> 
     </span>
     <span class='ocr_line' id='line_1_36' title="bbox 203 3587 1271 3658; baseline -0.007 -15"><span class='ocrx_word' id='word_1_351' title='bbox 203 3594 330 3643; x_wconf 75' lang='lat' dir='ltr'><strong>ascesione</strong></span> <span class='ocrx_word' id='word_1_352' title='bbox 359 3595 428 3658; x_wconf 82' lang='lat' dir='ltr'><strong>prins</strong></span> <span class='ocrx_word' id='word_1_353' title='bbox 459 3594 605 3657; x_wconf 76' lang='lat' dir='ltr'><strong>singularem</strong></span> <span class='ocrx_word' id='word_1_354' title='bbox 632 3603 713 3640; x_wconf 81' lang='lat' dir='ltr'><strong>narret</strong></span> <span class='ocrx_word' id='word_1_355' title='bbox 757 3612 807 3643; x_wconf 71' lang='lat' dir='ltr'><strong>ram</strong></span> <span class='ocrx_word' id='word_1_356' title='bbox 821 3606 945 3658; x_wconf 85' lang='lat' dir='ltr'><strong>retegens,</strong></span> <span class='ocrx_word' id='word_1_357' title='bbox 959 3592 1064 3656; x_wconf 90' lang='lat' dir='ltr'><strong>pristino</strong></span> <span class='ocrx_word' id='word_1_358' title='bbox 1081 3590 1110 3637; x_wconf 90' lang='lat' dir='ltr'><strong>in</strong></span> <span class='ocrx_word' id='word_1_359' title='bbox 1123 3599 1187 3638; x_wconf 77' lang='lat' dir='ltr'><strong>statu</strong></span> <span class='ocrx_word' id='word_1_360' title='bbox 1201 3587 1271 3636; x_wconf 79' lang='lat' dir='ltr'><strong>illam</strong></span> 
     </span>
     <span class='ocr_line' id='line_1_37' title="bbox 203 3667 1271 3737; baseline -0.008 -15"><span class='ocrx_word' id='word_1_361' title='bbox 203 3675 294 3722; x_wconf 86' lang='lat' dir='ltr'><strong>Oceani</strong></span> <span class='ocrx_word' id='word_1_362' title='bbox 312 3683 438 3731; x_wconf 83' lang='lat' dir='ltr'><strong>naturam,</strong></span> <span class='ocrx_word' id='word_1_363' title='bbox 454 3687 546 3737; x_wconf 80' lang='lat' dir='ltr'><strong>magna</strong></span> <span class='ocrx_word' id='word_1_364' title='bbox 558 3687 615 3718; x_wconf 85' lang='lat' dir='ltr'><strong>eum</strong></span> <span class='ocrx_word' id='word_1_365' title='bbox 623 3682 710 3734; x_wconf 89' lang='lat' dir='ltr'><strong>parte,</strong></span> <span class='ocrx_word' id='word_1_366' title='bbox 757 3673 880 3737; x_wconf 86' lang='lat' dir='ltr'><strong>relinquit.</strong></span> <span class='ocrx_word' id='word_1_367' title='bbox 894 3699 929 3708; x_wconf 88' lang='lat'><em>-</em></span> <span class='ocrx_word' id='word_1_368' title='bbox 945 3670 1016 3736; x_wconf 82' lang='lat' dir='ltr'><strong>Cujus</strong></span> <span class='ocrx_word' id='word_1_369' title='bbox 1021 3667 1163 3736; x_wconf 85' lang='lat' dir='ltr'><strong>fastigium.</strong></span> <span class='ocrx_word' id='word_1_370' title='bbox 1179 3668 1271 3730; x_wconf 76' lang='lat' dir='ltr'><strong>Quaen</strong></span> 
     </span>
     <span class='ocr_line' id='line_1_38' title="bbox 204 3747 1272 3816; baseline -0.007 -16"><span class='ocrx_word' id='word_1_371' title='bbox 204 3752 252 3800; x_wconf 80' lang='lat' dir='ltr'><strong>alio</strong></span> <span class='ocrx_word' id='word_1_372' title='bbox 265 3762 388 3816; x_wconf 88' lang='lat' dir='ltr'><strong>tempore,</strong></span> <span class='ocrx_word' id='word_1_373' title='bbox 397 3760 542 3812; x_wconf 75' lang='lat' dir='ltr'><strong>exaestuare,</strong></span> <span class='ocrx_word' id='word_1_374' title='bbox 550 3751 599 3798; x_wconf 92' lang='lat' dir='ltr'><strong>hoc</strong></span> <span class='ocrx_word' id='word_1_375' title='bbox 606 3760 656 3811; x_wconf 88' lang='lat' dir='ltr'><strong>est,</strong></span> <span class='ocrx_word' id='word_1_376' title='bbox 666 3749 711 3797; x_wconf 90' lang='lat' dir='ltr'><strong>flu·</strong></span> <span class='ocrx_word' id='word_1_377' title='bbox 756 3751 882 3800; x_wconf 86' lang='lat' dir='ltr'><strong>montibus</strong></span> <span class='ocrx_word' id='word_1_378' title='bbox 894 3752 922 3799; x_wconf 91' lang='lat' dir='ltr'><strong>in</strong></span> <span class='ocrx_word' id='word_1_379' title='bbox 932 3751 1074 3798; x_wconf 84' lang='lat' dir='ltr'><strong>continuam</strong></span> <span class='ocrx_word' id='word_1_380' title='bbox 1086 3747 1214 3811; x_wconf 70' lang='lat' dir='ltr'><strong>planitiem</strong></span> <span class='ocrx_word' id='word_1_381' title='bbox 1226 3762 1272 3794; x_wconf 84' lang='lat' dir='ltr'><strong>ex·</strong></span> 
     </span>
     <span class='ocr_line' id='line_1_39' title="bbox 203 3826 1271 3894; baseline -0.007 -14"><span class='ocrx_word' id='word_1_382' title='bbox 203 3831 284 3880; x_wconf 88' lang='lat' dir='ltr'><strong>ctibns</strong></span> <span class='ocrx_word' id='word_1_383' title='bbox 304 3832 354 3878; x_wconf 88' lang='lat' dir='ltr'><strong>suis</strong></span> <span class='ocrx_word' id='word_1_384' title='bbox 374 3830 478 3879; x_wconf 86' lang='lat' dir='ltr'><strong>multum</strong></span> <span class='ocrx_word' id='word_1_385' title='bbox 497 3830 576 3880; x_wconf 87' lang='lat' dir='ltr'><strong>litoris</strong></span> <span class='ocrx_word' id='word_1_386' title='bbox 594 3830 713 3888; x_wconf 86' lang='lat' dir='ltr'><strong>obruere;</strong></span> <span class='ocrx_word' id='word_1_387' title='bbox 757 3831 957 3878; x_wconf 64' lang='lat' dir='ltr'><strong>tenditur-Ut</strong></span> <span class='ocrx_word' id='word_1_388' title='bbox 964 3844 1041 3894; x_wconf 82' lang='lat' dir='ltr'><strong>supra</strong></span> <span class='ocrx_word' id='word_1_389' title='bbox 1052 3827 1140 3874; x_wconf 72' lang='lat' dir='ltr'><strong>dietum</strong></span> <span class='ocrx_word' id='word_1_390' title='bbox 1149 3835 1193 3874; x_wconf 81' lang='lat' dir='ltr'><strong>est.</strong></span> <span class='ocrx_word' id='word_1_391' title='bbox 1202 3826 1271 3874; x_wconf 83' lang='lat' dir='ltr'><strong>Vide</strong></span> 
     </span>
     <span class='ocr_line' id='line_1_40' title="bbox 205 3908 967 3975; baseline -0.003 -17"><span class='ocrx_word' id='word_1_392' title='bbox 205 3910 266 3958; x_wconf 89' lang='lat' dir='ltr'><strong>dicit</strong></span> <span class='ocrx_word' id='word_1_393' title='bbox 278 3926 382 3975; x_wconf 81' lang='lat' dir='ltr'><strong>magnos</strong></span> <span class='ocrx_word' id='word_1_394' title='bbox 398 3910 485 3959; x_wconf 80' lang='lat' dir='ltr'><strong>oceani</strong></span> <span class='ocrx_word' id='word_1_395' title='bbox 497 3921 583 3971; x_wconf 75' lang='lat' dir='ltr'><strong>reims,</strong></span> <span class='ocrx_word' id='word_1_396' title='bbox 601 3911 629 3957; x_wconf 89' lang='lat' dir='ltr'><strong>in</strong></span> <span class='ocrx_word' id='word_1_397' title='bbox 642 3910 713 3957; x_wconf 88' lang='lat' dir='ltr'><strong>India</strong></span> <span class='ocrx_word' id='word_1_398' title='bbox 758 3919 842 3958; x_wconf 83' lang='lat' dir='ltr'><strong>notam</strong></span> <span class='ocrx_word' id='word_1_399' title='bbox 856 3908 913 3973; x_wconf 74' lang='lat' dir='ltr'><strong>ads</strong></span> <span class='ocrx_word' id='word_1_400' title='bbox 929 3910 967 3957; x_wconf 87' lang='lat'><strong>16.</strong></span> 
     </span>
     <span class='ocr_line' id='line_1_41' title="bbox 205 3983 1272 4050; baseline -0.004 -14"><span class='ocrx_word' id='word_1_401' title='bbox 205 3987 264 4036; x_wconf 86' lang='lat' dir='ltr'><strong>alibi</strong></span> <span class='ocrx_word' id='word_1_402' title='bbox 278 3990 433 4050; x_wconf 85' lang='lat' dir='ltr'><strong>observatos,</strong></span> <span class='ocrx_word' id='word_1_403' title='bbox 448 3991 535 4039; x_wconf 82' lang='lat' dir='ltr'><strong>accolis</strong></span> <span class='ocrx_word' id='word_1_404' title='bbox 549 3989 622 4039; x_wconf 83' lang='lat' dir='ltr'><strong>maris</strong></span> <span class='ocrx_word' id='word_1_405' title='bbox 635 3988 713 4036; x_wconf 86' lang='lat' dir='ltr'><strong>medi·</strong></span> <span class='ocrx_word' id='word_1_406' title='bbox 794 4006 835 4037; x_wconf 81' lang='lat' dir='ltr'><strong>ao.</strong></span> <span class='ocrx_word' id='word_1_407' title='bbox 850 3988 921 4037; x_wconf 89' lang='lat' dir='ltr'><strong>Hine.</strong></span> <span class='ocrx_word' id='word_1_408' title='bbox 935 3987 1025 4035; x_wconf 78' lang='lat' dir='ltr'><strong>Unde?</strong></span> <span class='ocrx_word' id='word_1_409' title='bbox 1039 4002 1072 4033; x_wconf 86' lang='lat' dir='ltr'><strong>ax</strong></span> <span class='ocrx_word' id='word_1_410' title='bbox 1082 3984 1207 4049; x_wconf 84' lang='lat' dir='ltr'><strong>principio</strong></span> <span class='ocrx_word' id='word_1_411' title='bbox 1219 3983 1272 4032; x_wconf 79' lang='lat' dir='ltr'><strong>vel·</strong></span> 
     </span>
    </p>
   </div>
   <div class='ocr_carea' id='block_1_4' title="bbox 204 4064 1273 4140">
    <p class='ocr_par' dir='ltr' id='par_1_4' title="bbox 204 4064 1273 4140">
     <span class='ocr_line' id='line_1_42' title="bbox 204 4064 1273 4140; baseline -0.007 -22"><span class='ocrx_word' id='word_1_412' title='bbox 204 4069 311 4119; x_wconf 66' lang='lat' dir='ltr'><strong>ananei</strong></span> <span class='ocrx_word' id='word_1_413' title='bbox 322 4069 456 4138; x_wconf 80' lang='lat' dir='ltr'><strong>ignsmtos.</strong></span> <span class='ocrx_word' id='word_1_414' title='bbox 465 4069 585 4121; x_wconf 74' lang='lat' dir='ltr'><strong>Eumdm</strong></span> <span class='ocrx_word' id='word_1_415' title='bbox 594 4083 653 4120; x_wconf 85' lang='lat' dir='ltr'><strong>vero</strong></span> <span class='ocrx_word' id='word_1_416' title='bbox 663 4067 714 4119; x_wconf 82' lang='lat' dir='ltr'><strong>atto</strong></span> <span class='ocrx_word' id='word_1_417' title='bbox 758 4069 789 4119; x_wconf 84' lang='lat' dir='ltr'><strong>lis</strong></span> <span class='ocrx_word' id='word_1_418' title='bbox 800 4081 873 4134; x_wconf 85' lang='lat' dir='ltr'><strong>puta,</strong></span> <span class='ocrx_word' id='word_1_419' title='bbox 887 4084 935 4140; x_wconf 75' lang='lat' dir='ltr'><strong>qus</strong></span> <span class='ocrx_word' id='word_1_420' title='bbox 945 4066 1094 4134; x_wconf 80' lang='lat' dir='ltr'><strong>Hyrcaniam</strong></span> <span class='ocrx_word' id='word_1_421' title='bbox 1105 4064 1216 4125; x_wconf 80' lang='lat' dir='ltr'><strong>adeunt,</strong></span> <span class='ocrx_word' id='word_1_422' title='bbox 1229 4080 1273 4112; x_wconf 88' lang='lat' dir='ltr'><strong>su·</strong></span> 
     </span>
    </p>
   </div>
   <div class='ocr_carea' id='block_1_5' title="bbox 0 0 1350 4836">
    <p class='ocr_par' dir='ltr' id='par_1_5' title="bbox 0 0 1350 4836">
     <span class='ocr_line' id='line_1_43' title="bbox 0 0 1350 4836; baseline 0 0"><span class='ocrx_word' id='word_1_423' title='bbox 0 0 1350 4836; x_wconf 95' lang='lat' dir='ltr'><strong> </strong></span> 
     </span>
    </p>
   </div>
  </div>
 </body>
</html>
