2662 4836
521 364 682 429 LIBER
715 365 780 429 Vl.
1138 370 1177 443 41

113 480 154 548 in
169 479 342 550 medium.
365 478 534 550 Planities
549 480 703 577 spatiosa
719 495 812 565 erat,
836 481 874 550 in
895 504 1004 577 quam
1016 478 1180 550 vehicula
1191 491 1225 540 1⁵·

114 603 246 660 onusta
274 589 531 687 perduxerant.
567 588 864 684 Exspectantibus
897 591 1059 675 cunctis,
1095 588 1182 684 quid

114 697 248 770 deinde
263 712 357 769 esset
372 699 631 795 imperaturus,
644 698 807 792 jumenta
818 699 924 792 jussit
939 696 1086 785 abduci3
1102 698 1184 767 suis-

117 835 191 906 que
212 811 377 908 'primum
404 810 552 880 sarcinis
581 807 657 879 face
684 808 848 896 subdita,
876 824 1011 880 ceteras
1038 806 1184 878 incendi

116 921 296 1019 praecepit.
325 918 556 1015 Flagrabant,
585 917 820 988 exurentibus
841 917 1018 1005 dominis,
1047 942 1125 1015 quae
1143 931 1224 986 ut1s

117 1029 251 1100 intacta
273 1054 318 1100 ex
342 1025 494 1099 urbibus
512 1026 671 1098 bostium
695 1043 886 1125 raperent,
907 1053 999 1126 saepe
1024 1027 1186 1098 flammas

117 1142 382 1226 restinxerant3
411 1138 513 1209 nullo
545 1138 725 1235 sanguinis
753 1138 910 1234 pretium
938 1137 1094 1209 audente
1124 1137 1185 1208 de·

118 1250 230 1339 flere,
257 1275 373 1348 quum
391 1251 505 1347 regias
528 1273 617 1345 opes
637 1249 733 1319 idem
756 1249 847 1345 ignis
868 1265 1045 1320 exureret.
1065 1250 1224 1322 Brevisu

118 1358 252 1431 deinde
272 1354 388 1430 oratio
409 1357 583 1454 mitigavit
605 1355 791 1443 dolorem3
817 1355 1030 1453 habilesque
1052 1357 1187 1427 militiae

120 1482 157 1538 et
181 1468 228 1538 ad
255 1468 375 1539 omnia
399 1468 514 1562 parati
542 1465 772 1552 laetabantur,
804 1468 1024 1536 sarcinarum
1048 1467 1187 1563 potina,

120 1603 231 1674 quam
253 1576 446 1674 disciplinae
469 1575 594 1647 fecisse
611 1576 800 1671 jacturam.
829 1577 943 1673 Igitur
966 1577 1187 1646 Bactrianam

120 1687 305 1784 regionem
328 1684 511 1784 petebant.
530 1683 600 1756 Sed
616 1685 791 1773 Nicanor,
814 1686 1061 1789 Parmenionis
1077 1684 1227 1769 filius,1a

121 1795 242 1866 subita
255 1807 372 1865 morte
388 1808 590 1891 correptus,
605 1816 736 1888 magno
756 1791 935 1864 desiderio
952 1795 1006 1863 sui
1020 1790 1189 1863 affecerat

122 1921 282 1977 cunctos.
311 1911 408 1992 Rex,
428 1920 512 1976 ante
529 1929 656 1975 omnes
671 1921 838 1992 moestus,
856 1904 1024 2003 cupiebat
1042 1904 1188 2002 quidem
1199 1939 1230 1986 ις,

121 2013 316 2087 subsistere
333 2013 453 2085 funeri
464 2011 658 2101 affuturus3
675 2014 739 2084 sed
757 2017 909 2112 penuria
923 2029 1188 2087 commeatuum

121 2123 293 2198 festinare
316 2124 476 2222 cogebat.
506 2131 632 2220 Itaque
656 2124 815 2196 Philotas
836 2151 918 2197 cum
937 2153 963 2197 11
978 2126 1136 2197 millibus
1153 2139 1189 2197 et

121 2261 168 2308 nc
186 2236 351 2324 relictus,
375 2251 417 2307 ut
431 2236 525 2332 justa
544 2233 645 2304 fratri
665 2237 890 2331 persolveret
911 2264 919 2307 :
943 2238 1018 2335 ipse
1039 2251 1188 2308 conten·

121 2346 175 2418 dit
199 2345 245 2417 ad
273 2350 431 2415 Bessum.
463 2349 539 2414 lter
569 2341 713 2413 facienti
740 2344 850 2416 literae
881 2347 914 2417 ei
939 2346 1142 2417 afferuntur
1169 2371 1230 2416 ano
1315 2360 1318 2365 '

124 2451 289 2525 finitimis
318 2458 568 2549 Satraparum;
595 2477 615 2522 e
647 2453 779 2549 quibus
810 2457 1014 2553 cognoscit,
1043 2462 1189 2527 Bessum

124 2563 273 2661 quidem
298 2562 419 2633 hostili
448 2562 568 2630 animo
594 2585 784 2635 occurrere
812 2589 894 2636 cum
924 2567 1110 2637 exercitu:
1133 2590 1188 2636 ce·

122 2688 244 2745 terum
270 2672 554 2755 Satibarzanem,
584 2695 694 2768 quem
718 2677 892 2773 Satrapen
918 2677 1085 2747 Ariorum
1114 2677 1189 2772 ipse

124 2782 354 2882 prefecisset,
375 2780 545 2853 defecisse
560 2777 605 2849 ab
621 2805 674 2851 eo.
693 2787 836 2879 ltaque,
851 2810 1069 2882 quamquam
1083 2791 1228 2857 Bess021

165 2989 205 3035 16.
222 2987 361 3052 Sanguinis.
381 2989 462 3049 Quem
475 3002 536 3050 saepe
550 2985 636 3031 vulne·
681 2985 761 3033 dixit:
775 2975 940 3052 ι’ξηγγίὶθη,
956 2990 1099 3037 nunciatum
1109 2997 1146 3034 est
1158 2984 1189 3033 ab

127 3066 174 3113 rati
185 3066 313 3127 fuderant,
324 3077 352 3114 ut
362 3066 401 3114 his
411 3065 517 3114 victoriae
530 3063 637 3127 praemiis
681 3065 776 3127 aliquo,
790 3065 938 3130 quicumque
953 3069 1040 3126 fuerit,
1057 3066 1190 3114 Satibarza-

125 3147 274 3194 fruerentur.
680 3159 755 3203 nem,
768 3143 900 3192 intersectis
913 3146 997 3209 paucis
1011 3144 1192 3202 Macedonum,

166 3241 206 3286 17·
213 3222 294 3272 Brevis
301 3224 388 3272 oratio.
397 3225 486 3272 Noster
492 3223 554 3272 Cod.
561 3224 639 3283 5717,
681 3221 754 3270 Arios
766 3238 859 3270 armare
865 3258 873 3283 ,
882 3234 905 3270 et
913 3224 943 3270 ad
950 3225 1036 3271 urbem
1042 3215 1190 3284 Artacoana,

125 3304 246 3366 multique
266 3303 307 3350 alii
326 3303 452 3363 scribunt,
469 3301 534 3350 brevi
550 3299 638 3348 deinde
681 3300 726 3349 ubi
738 3302 855 3350 ArIorum
873 3301 938 3365 regia
951 3312 1017 3360 erat,
1031 3318 1190 3367 congregare,

125 3383 205 3441 ναὶἱος
220 3383 260 3431 cui
269 3385 368 3432 lectioni
377 3401 421 3432 cur
430 3384 551 3448 rugatam
561 3381 638 3429 edito·
681 3397 711 3428 eo
722 3379 840 3438 consilio,
854 3390 896 3438 ut,
907 3379 928 3427 si
938 3381 1078 3428 Alexander
1088 3382 1191 3429 ulterius

125 3479 167 3511 res
178 3463 330 3527 praetulerint
338 3478 389 3510 non
400 3463 456 3511 satis
465 3463 637 3524 video,quum
681 3474 823 3522 progressus
841 3469 919 3519 esset,
939 3461 1021 3524 copias
1041 3460 1071 3507 ad
1090 3462 1190 3508 bessum

126 3541 197 3590 brevi
209 3540 274 3589 ratio
291 3543 411 3606 optimum
425 3558 522 3607 quoque
539 3554 637 3588 sensum
681 3538 795 3596 duceret,
815 3547 839 3584 et
857 3529 1020 3598 Macedones,
1042 3537 1190 3601 ubicumque

126 3621 212 3680 uene,
224 3631 248 3668 et
260 3621 333 3668 etiam
347 3638 403 3669 cum
416 3621 527 3685 sequenti
540 3627 637 3666 senten·
680 3626 775 3682 posset,
785 3616 967 3666 adoriretur.—
979 3620 1053 3681 Quem
1062 3620 1188 3683 Satrapen.

127 3700 176 3758 tia,
189 3697 328 3762 habilesque
338 3708 362 3745 et
373 3701 448 3764 magis
458 3713 591 3763 congruere
599 3695 637 3744 vi·
681 3697 792 3762 Editores
803 3697 858 3744 vel:
869 3714 937 3762 quem
948 3697 1065 3762 satrapiae
1075 3698 1189 3744 Ariorum

129 3778 223 3826 deatur.
559 3769 561 3773 Α
681 3776 733 3841 ipse
741 3775 911 3843 proej'ecisset;
924 3777 979 3824 vel:
993 3793 1062 3840 quem
1075 3778 1195 3841 Satrapen

165 3872 207 3904 ao.
220 3858 243 3904 A
247 3853 363 3922 finitimis
375 3865 537 3920 satrapamm.
552 3851 638 3899 Finiti-
682 3856 796 3905 Ariorum
814 3856 866 3923 ipse
873 3856 992 3923 ficisset,
1009 3857 1060 3903 sive
1072 3855 1193 3922 refecisset

127 3951 184 3983 mus
205 3943 256 3982 erat
276 3949 358 3995 unus,
380 3934 554 3999 Ammirrapes‚
577 3934 636 3978 Par·
681 3937 761 4001 legere
776 3937 876 3984 malunt.

127 4012 266 4077 tbyaeorum
279 4023 303 4059 ct
315 4014 443 4077 Hyrcaniae
457 4023 559 4077 satrapa.
570 4007 636 4060 Reli·
717 4031 757 4064 ar.
775 4017 930 4080 Quamquam
950 4016 1023 4062 Besso
1042 4012 1189 4062 inminebat.

126 4092 169 4159 qui
181 4091 279 4157 longius
292 4090 399 4141 aberant.
408 4091 636 4144 maturaremus
680 4094 835 4159 Quamquam
849 4094 877 4142 in
887 4093 1029 4142 Baenbnoe
1039 4107 1138 4141 movere
1150 4090 1193 4139 de-
