2662 4836
188 361 226 401 12
517 341 558 421 u.
590 339 766 404 curru
793 339 914 402 nuri

183 465 360 548 spectata,
383 454 535 523 secrevit
558 454 721 551 avulgo,
744 478 900 549 quorum
924 452 1107 525 eminebat
1123 473 1247 548 genus.
1299 491 1302 498 ,

182 564 318 632 Decem
336 559 375 629 hi
393 559 557 649 fuerunt3
576 564 672 633 inter
692 586 784 658 quos
801 578 967 661 repertus
984 576 1038 633 est
1053 560 1248 642 Oxathres,

181 672 281 741 Darii
304 670 428 759 frater,
452 698 527 743 non
552 673 646 743 illius
669 672 836 760 fortuna,
861 698 972 768 quam
992 670 1116 762 indole
1137 667 1248 739 animi

139 781 236 850 rosui
262 781 401 852 clarior.
428 787 498 854 Sex
523 798 560 854 et
586 784 713 885 viginti
738 783 851 854 millia
876 784 1053 857 talentum
1082 782 1249 880 proxima

180 891 298 989 praeda
316 892 462 964 redacta
480 908 605 964 erant:
624 920 644 965 e
664 891 746 991 quis
765 893 957 965 duodecim
975 893 1086 963 millia
1104 895 1143 963 in
1161 916 1246 962 con·

177 1001 330 1096 giarium
358 1003 514 1073 militum
541 1018 723 1100 assumpta
749 1018 856 1090 suut,
883 1022 958 1099 par·
973 1002 1058 1073 huic
1084 1001 1247 1099 pecuniae

177 1208 243 1256 Hinc
254 1210 343 1257 factum
354 1221 403 1268 est,
418 1222 445 1258 ut
458 1212 498 1259 bis
508 1212 622 1260 videatur
632 1212 690 1259 Ale·
735 1212 861 1274 sequendo
875 1212 950 1259 Dario
962 1211 1038 1260 multa
1050 1211 1210 1275 pecuniarum
1222 1208 1248 1254 vi

177 1289 274 1337 xander
284 1290 313 1336 in
324 1291 472 1338 Parthienen
482 1292 636 1355 pervenisse,
649 1308 691 1339 sn·
734 1292 826 1356 potitus
843 1301 902 1339 erat.
922 1293 945 1338 Α
965 1307 1078 1356 gazarum
1096 1289 1202 1354 (scilicet
1219 1287 1247 1334 in

177 1382 236 1430 pra,
255 1384 332 1431 quum
343 1369 446 1417 ‘Darimn
464 1382 646 1434 assequeretur,
667 1382 691 1418 et
734 1369 831 1434 Media)
850 1370 992 1418 custodibus
1003 1371 1067 1416 VIII
1081 1371 1110 1416 M
1128 1368 1244 1416 talentum

177 1446 254 1505 infra,
273 1447 289 1518 s
309 1465 338 1495 ra
360 1449 434 1509 hujus
452 1466 504 1513 cap.
525 1451 590 1498 Hinc
610 1452 691 1500 omnis
734 1461 867 1514 acceperat.
882 1452 970 1498 Praeter
981 1450 1033 1497 haec
1044 1465 1085 1507 ea,
1100 1463 1153 1512 quar
1165 1447 1247 1495 militi·

179 1527 283 1574 omnino
300 1528 426 1587 confusio,
444 1538 468 1574 et
484 1529 512 1575 in
531 1530 691 1592 sequentibus
734 1529 782 1576 bus
791 1529 920 1577 distrIbuta
931 1540 1014 1588 erant,
1029 1545 1085 1576 curn
1094 1527 1247 1575 ornamentis

177 1620 276 1674 quoqne
291 1606 352 1653 illud
365 1606 545 1653 inconcinnum
562 1617 585 1653 et
603 1608 690 1655 incon·
735 1619 759 1655 et
778 1609 872 1672 poculis
893 1610 936 1674 (in
959 1609 1023 1674 gazIs
1044 1609 1106 1655 forte
1127 1606 1247 1671 repertis)

176 1699 280 1748 gruum,
296 1684 363 1747 qnod
377 1685 437 1731 ulios
457 1685 529 1730 etiam
546 1685 690 1749 interpretes
734 1690 799 1736 XIII
813 1689 840 1734 M
858 1689 974 1736 talentum
988 1687 1133 1735 efficiebant.
1147 1688 1247 1734 Summa

179 1763 290 1810 offendit.
304 1763 390 1827 Igitur,
405 1764 498 1810 simihi
507 1763 602 1822 credis,
613 1781 691 1829 quum
735 1778 815 1816 autern
827 1769 892 1816 surto
903 1778 946 1816 ant
955 1769 1059 1832 pervim
1069 1768 1246 1815 abstracturum

179 1841 438 1902 Alexander,Darium
446 1855 691 1907 persequuturus,ex
735 1832 843 1913 (scilicet
862 1858 890 1895 ut
907 1848 970 1894 mihi
987 1848 1096 1907 videtur,
1116 1857 1247 1909 antequam

125 1947 129 1954 ·
178 1923 329 1969 Paraetacene
343 1922 453 1969 Mediam
465 1923 602 1987 ingressus,
613 1924 690 1971 Ecba·
734 1927 875 1977 Alexander
887 1929 940 1975 istis
952 1928 1015 1991 gazis
1029 1915 1163 1992 potiretur)
1173 1927 1246 1990 longe

135 2041 139 2045 .
180 2011 238 2048 tana
246 2001 366 2058 venisset,
380 2000 523 2049 acciderunt
532 2002 572 2049 illa
585 2002 616 2050 de
627 2003 691 2049 Ochi
735 2008 841 2070 amplior
852 2005 1248 2055 censebatur.»-Del1isomni·

176 2084 266 2144 nepte,
280 2091 304 2127 et
315 2081 416 2144 captivis
428 2081 457 2128 in
467 2081 558 2145 regiam
570 2081 690 2130 adductis.
735 2086 782 2134 bns
791 2102 822 2133 ne
830 2087 934 2135 verbum
945 2086 1046 2149 quidem
1056 2085 1152 2149 scripsit
1160 2085 1246 2131 Arria·

180 2161 246 2221 Haee·
254 2159 398 2208 Sclunieder.
408 2190 443 2198 -
453 2160 554 2209 Secrevit
568 2178 586 2208 a
602 2162 689 2226 vulgo.

66 2228 69 2233 ¹
88 2296 90 2300 ‚
178 2240 292 2300 Sejnnxit
310 2257 323 2286 a
341 2240 434 2304 vulgari
451 2241 603 2304 captivorum
620 2242 692 2290 turba

176 2319 247 2380 illos,
256 2337 362 2383 quornm
372 2322 445 2385 stirps
454 2321 580 2368 nobilitate
592 2322 691 2370 excello·

177 2398 227 2446 bat.
243 2427 278 2436 -
293 2402 379 2448 Decem
397 2399 543 2465 lu'fiaerum.
564 2403 596 2448 In
609 2401 690 2449 Codd.

177 2488 231 2538 est,
245 2477 312 2527 mille
316 2497 327 2536 ,·
339 2479 406 2542 quod
416 2479 574 2538 nimiumest.
588 2480 636 2527 Sed
647 2497 691 2527 cur

178 2557 235 2607 edd.
248 2575 294 2622 pro
307 2559 385 2606 nimio
394 2558 443 2606 hoc
452 2575 556 2607 numero
566 2559 646 2606 decem
655 2575 692 2606 re·

178 2639 300 2702 ceperint,
308 2654 360 2686 non
368 2639 425 2686 satis
432 2638 552 2685 video.··-
559 2637 689 2696 Oxathres.

179 2717 256 2778 Cujus
270 2734 343 2781 supra
357 2721 410 2774 111,
428 2733 471 2776 11,
493 2718 524 2776 8,
545 2733 601 2763 curn
619 2716 691 2765 laude

181 2797 275 2845 mentio
290 2799 350 2845 sacta
361 2807 405 2846 est.

218 2893 257 2926 ιο.
270 2879 320 2925 Sex
336 2887 359 2924 et
368 2875 460 2940 viginti
468 2875 547 2924 millia
556 2877 689 2933 talentum,

175 2957 384 3022 proximaproeda
393 2956 442 3021 (vel
451 2972 465 3002 e
467 2956 587 3018 proxima
592 2955 689 3022 praeda,

178 3049 207 3086 ut
223 3038 273 3085 duo
289 3036 369 3085 Codd.
382 3046 406 3083 et
421 3037 488 3084 Cart.
503 3052 577 3100 supra
588 3038 633 3096 IV,
647 3051 690 3096 11,

182 3115 235 3182 11),
246 3116 358 3173 redacta,
371 3117 422 3164 sive
432 3115 531 3163 collecta
538 3125 616 3163 erant.
630 3116 690 3163 Pro·

179 3197 246 3244 xima
263 3195 345 3260 praeda
358 3212 390 3242 ex
403 3195 481 3242 Curtii
499 3204 580 3241 mente
598 3209 626 3243 ea
640 3209 691 3241 esse

179 3275 289 3332 videtur,
308 3291 382 3337 quam
402 3291 458 3322 curn
472 3273 548 3321 Dario
568 3282 691 3336 ceperant.

179 3353 249 3401 Darii
256 3363 336 3400 autem
346 3354 475 3416 pecuniam
484 3362 508 3398 et
518 3351 692 3416 supellectilem

178 3434 229 3494 jam
246 3443 302 3479 ante
320 3432 420 3479 barbari
437 3431 604 3496 diripuerant,
616 3447 692 3494 quum

180 3529 195 3561 a
207 3513 258 3560 suis
270 3512 298 3558 iu
308 3511 408 3558 vincula
420 3511 593 3571 conjiceretur3
608 3510 651 3558 lib.
660 3511 692 3569 V,

183 3607 230 3652 ra,
245 3607 289 3652 173
300 3589 378 3638 strab
390 3606 446 3653 pag.
459 3591 623 3637 sonaretur
634 3605 693 3652 quo·

736 2182 791 2213 nus.
805 2165 954 2230 Depecunia
961 2165 1031 2229 prins
1039 2165 1066 2212 In
1074 2164 1154 2212 Persis
1163 2175 1246 2228 capta,

736 2244 799 2291 adde
811 2260 843 2292 ex
860 2245 980 2304 Arriano,
999 2246 1052 2302 111,
1069 2259 1114 2305 19,
1131 2245 1178 2301 13,
1191 2259 1245 2290 eam

735 2324 856 2372 Ecbatana
874 2324 985 2382 allatam,
1002 2325 1030 2371 In
1043 2339 1096 2370 arce
1109 2324 1163 2383 ejus
1177 2321 1246 2370 urbis

735 2401 1163 2468 depositam,liarpaliquecustodiae
1171 2401 1246 2448 tradi·

735 2493 783 2530 tarn
796 2499 855 2530 esse.
870 2483 1027 2530 Parmenioni
1042 2483 1119 2529 fuerat
1130 2497 1190 2528 cura
1205 2496 1245 2526 ea·
1296 2477 1300 2492 ¹

735 2578 791 2610 rum
799 2562 1010 2625 deponendorum.
1018 2563 1081 2610 Just.
1090 2560 1107 2607 l.
1115 2563 1176 2619 XII,
1186 2576 1207 2608 c.
1218 2575 1244 2606 1:

736 2642 862 2689 «Pecunia
879 2642 974 2701 omnia,
996 2651 1093 2688 centum
1113 2641 1245 2704 nonaginta

735 2721 809 2769 millia
827 2721 959 2780 talentum,
982 2721 1102 2768 Ecbatana
1116 2728 1246 2782 congesta,

735 2800 807 2863 eique
822 2800 952 2848 Parmenio
965 2799 1134 2863 praepositus.»
1154 2799 1245 2847 Confer

735 2869 847 2926 S'trabon.
855 2877 898 2926 lib.
906 2881 963 2937 XV,
974 2895 999 2941 p.
1015 2879 1089 2926 1062.
1103 2876 1246 2924 Alexandro

735 2956 837 3004 nlmrius
845 2972 990 3020 progresso,
1004 2956 1124 3020 Harpalus
1133 2972 1246 3020 magnam

735 3036 844 3101 pecuniae
854 3036 902 3084 sibi
911 3037 1008 3083 creditae
1015 3037 1065 3083 vim
1072 3036 1120 3083 sibi
1127 3035 1246 3083 attribuit.

735 3116 794 3164 Vid.
804 3115 966 3163 Freinshemii
974 3116 1095 3179 supplem.
1105 3114 1137 3162 ad
1147 3115 1163 3162 l.
1173 3118 1212 3175 X,
1224 3131 1245 3161 1.

735 3223 771 3234 -··
778 3194 910 3259 Duodecim
921 3194 1008 3242 multa.
1019 3195 1124 3242 Necesse
1135 3205 1247 3253 nonest,

736 3285 764 3322 ut
773 3291 830 3322 curn
837 3273 958 3321 Loccenio
967 3274 1032 3337 legas
1038 3273 1149 3320 tredecim
1158 3273 1198 3330 M,
1208 3282 1248 3331 ut,

737 3354 794 3417 qnia
805 3338 849 3417 par
859 3367 952 3399 summa
963 3351 1084 3398 subtracta
1098 3361 1134 3398 est
1147 3350 1248 3411 frande,

737 3448 769 3479 ex
780 3442 883 3494 utraque
897 3428 1059 3478 conficiantur
1069 3431 1158 3477 XXVI
1168 3431 1205 3476 M.
1214 3456 1249 3466 -

736 3511 824 3558 XXIV
840 3509 948 3557 millibus
963 3508 1098 3571 absumptis
1114 3518 1139 3554 et
1153 3507 1249 3555 subtra-

737 3590 795 3649 ctis,
803 3588 853 3637 dno
861 3589 936 3643 millia
945 3597 1096 3651 supererant.
1103 3613 1136 3622 -
1146 3585 1250 3650 Congia-

81 3717 83 3721 .
181 3688 228 3735 que
237 3687 265 3718 ea
273 3671 355 3735 praeda
364 3670 478 3733 intelligi,
488 3685 536 3732 qua
544 3668 693 3728 Alexander,
737 3668 808 3718 mum.
831 3670 1000 3731 Quamquam,
1022 3667 1104 3729 inquit
1118 3664 1252 3723 Cellarins‚

181 3751 284 3798 Darium
295 3766 458 3814 persequens,
471 3749 499 3796 in
506 3747 590 3797 Media
598 3748 693 3812 potitus
738 3747 893 3811 distinguunt
908 3746 988 3794 LatIni
1009 3761 1071 3809 saepe
1085 3759 1204 3802 numero,
1225 3752 1253 3789 ut

182 3840 241 3878 erat.
253 3831 292 3877 Sic
308 3829 374 3877 enirn
386 3829 524 3889 DIodorus,
537 3831 627 3888 XVII,
643 3836 691 3890 74:
738 3827 876 3875 donativum
898 3827 986 3886 militi,
1011 3822 1160 3888 congmrium
1184 3822 1252 3886 plebi

182 3909 355 3967 «Alexander,
371 3919 428 3974 post
441 3918 545 3956 mortem
558 3907 640 3967 DariI,
653 3907 693 3953 in·
740 3907 844 3956 addatur
855 3906 924 3972 (vid.
934 3906 1011 3954 Tacit.
1022 3904 1110 3953 Amat.
1124 3904 1190 3964 XII,
1205 3912 1252 3960 413

181 3989 296 4053 gentibus
303 3989 375 4036 donis
382 3979 470 4036 milites
477 3987 621 4045 honoravit,
628 3985 696 4049 quod
740 3987 804 4036 Plin.
812 3989 904 4050 Paneg.
915 3987 944 4032 13
953 3984 976 4049 )‚
986 3995 1069 4032 tamen
1079 3983 1150 4030 etiam
1159 3983 1254 4029 laxiore

182 4079 207 4116 et
217 4079 302 4118 natura
312 4048 481 4136 magdanImus
491 4077 555 4130 erat,
566 4078 590 4119 et
599 4067 627 4116 in
637 4082 695 4131 per·
740 4081 789 4114 usn
799 4064 883 4124 vocis,
896 4079 950 4127 quae
963 4062 1036 4110 militi
1050 4062 1182 4120 donantur,
1196 4075 1253 4106 eon·
