2662 4836
532 341 681 437 arran
708 341 771 403 va
1141 339 1182 402 aa

116 443 225 516 latam
250 449 396 546 regibus
422 452 494 521 suis
521 453 778 548 praestitissent.
808 457 853 523 Se
880 453 918 521 in
947 452 1119 548 praecipiti
1146 466 1225 522 et¹⁰

116 546 258 627 lubrico
274 572 448 645 stantem,
466 560 656 630 consilium
672 586 693 631 a
712 560 880 658 praesenti
898 559 1111 630 necessitate
1126 584 1183 631 re·

115 664 259 756 petisse.
274 669 424 738 Darium
438 694 604 765 quoque,
618 695 731 767 quum
744 670 930 741 occidisset
942 675 1100 765 Bagoon,
1116 668 1185 739 hac

115 778 350 847 excusatione
369 780 454 848 satis
475 776 600 850 fecisse
616 778 873 876 popularibus,
896 777 996 876 quod
1013 777 1185 850 insidian-

115 894 194 953 tem
213 883 315 984 [sibi]
334 889 584 961 interemisset.
606 888 705 960 Nihil
726 913 802 960 esse
818 888 958 960 miseris
973 887 1185 959 mortalibus
1198 924 1226 954 ιι

109 993 248 1088 spiritu
264 998 400 1086 carius,
421 1023 544 1070 amore
561 1001 637 1095 ejus
653 999 698 1069 ad
713 999 840 1070 ultima
853 1011 935 1070 'esse
951 998 1186 1096 propulsum;
1223 1019 1226 1027 ·

115 1100 181 1172 sed
199 1129 242 1175 ea
255 1109 366 1204 magis
382 1133 458 1180 esse
472 1124 685 1205 sequutum,
696 1133 776 1205 quae
789 1110 961 1205 coegisset
976 1109 1186 1195 necessitas,

110 1234 230 1305 quam
259 1239 340 1310 quae
369 1231 537 1313 optasset.
570 1221 613 1286 ln
643 1217 828 1287 communi
858 1215 1056 1287 calamitate
1084 1239 1184 1286 suam
1199 1255 1228 1285 η

116 1345 306 1421 quemque
322 1325 456 1396 habere
473 1324 667 1396 fortunam.
684 1328 721 1397 Si
737 1328 861 1397 venire
880 1351 918 1395 se
929 1324 1092 1418 juberet,
1109 1326 1186 1396 sine

115 1445 220 1501 metu
245 1458 322 1504 esse
347 1450 555 1504 venturum.
582 1439 666 1506 Non
687 1436 837 1522 timere,
862 1460 909 1504 ne
933 1432 1043 1503 fidem
1066 1433 1185 1508 datam

115 1553 241 1610 tantus
255 1567 324 1612 rex
340 1544 490 1614 violaret
506 1570 513 1610 :
530 1543 618 1613 deos
634 1569 654 1613 a
668 1543 737 1614 deo
755 1542 828 1613 falli
844 1569 921 1613 non
937 1542 1064 1612 solere.
1082 1545 1229 1615 (lete-13

116 1673 203 1718 rum
228 1652 277 1738 si,
306 1654 362 1722 cui
386 1651 496 1723 fidem
520 1652 641 1739 daret,
659 1651 843 1723 videretur
862 1651 1050 1748 indignus,
1072 1649 1187 1721 multa

116 1759 244 1829 exsilia
262 1777 385 1857 patere
406 1760 581 1857 fugienti:
604 1761 756 1857 patriam
776 1786 874 1846 esse,
893 1760 1116 1856 ubicumque
1133 1760 1187 1830 vir

117 1863 225 1937 fortis
241 1868 363 1940 sedem
375 1869 535 1964 elegerit.
550 1871 625 1939 Nec
642 1869 816 1940 dubitavit
828 1868 1043 1952 Alexander,
1057 1867 1187 1954 fidem,
1199 1907 1230 1955 η,

119 2000 198 2072 quo
223 1981 338 2050 Persae
361 1977 471 2049 modo
499 1977 742 2073 accipiebant,
769 1979 874 2081 dare,
899 1979 1132 2066 inviolatum,
1156 1979 1186 2049 si

120 2175 199 2222 quern
213 2177 345 2208 numerum
362 2161 519 2208 consentiunt
533 2176 632 2220 omues,
676 2163 812 2217 seniorem
823 2161 907 2219 huuc,
919 2176 987 2224 paene
997 2175 1116 2223 puerum,
1127 2161 1186 2207 Ale-

116 2238 209 2300 quide
222 2241 351 2287 Persarum
362 2239 520 2302 chronologia
533 2240 635 2302 scripse·
675 2240 773 2286 xaudro
793 2256 807 2286 a
823 2239 967 2287 Nabamne
984 2239 1109 2288 donatum.
1126 2239 1186 2288 vtd.

122 2319 416 2369 runt.—Praestitissent.
428 2319 483 2368 Scil.
495 2318 633 2383 populares.
676 2318 750 2366 Diod.
760 2320 849 2377 XVII,
860 2319 883 2366 5.

122 2395 184 2444 Non
194 2413 278 2444 caussa
288 2410 338 2457 est,
349 2409 443 2446 uteum
450 2398 634 2446 ModioPersas
716 2413 755 2443 12.
768 2399 831 2444 Deos
847 2413 864 2444 a
880 2398 941 2444 Deo.
961 2397 1007 2442 Per
1022 2394 1187 2443 adulationem

115 2474 150 2521 in
161 2485 305 2524 contextum
316 2494 432 2526 amamus.
678 2474 783 2535 dictum,
799 2475 867 2540 qnod
880 2476 952 2522 sciret
961 2473 1131 2521 Alexandrum
1141 2488 1188 2536 pro

164 2569 204 2602 10.
217 2557 248 2601 Se
262 2555 287 2602 in
302 2556 433 2621 praecipiti.
452 2559 483 2604 In
495 2555 634 2619 periculoso
677 2555 748 2601 Jovis
767 2553 821 2606 filio
841 2555 928 2602 haberi
945 2553 1015 2602 velle.
1035 2553 1074 2600 Ne
1091 2551 1188 2598 mireris

122 2633 632 2699 etancipitistatupositum.—-1lepetisse.
678 2634 792 2681 eumdem
820 2651 873 2682 esse
900 2633 1021 2692 abjectum
1045 2630 1189 2677 Alexandro

122 2710 252 2760 Acidalins
268 2714 372 2762 malebat
384 2714 497 2779 reperisse
504 2731 514 2769 ,·
537 2714 564 2761 id
584 2723 635 2773 est,
679 2711 845 2770 adulatorem,
868 2711 912 2774 qui
926 2711 1028 2758 Darium
1047 2709 1189 2772 proditione

122 2790 239 2851 quesisse
253 2803 277 2839 et
291 2793 414 2842 invenisse
431 2792 561 2841 consilium
579 2808 592 2839 e
609 2809 635 2840 re
679 2789 919 2852 interceperat.de
927 2789 993 2836 euim
1000 2787 1130 2835 infandum
1137 2803 1190 2835 non

122 2878 229 2929 natum,
248 2881 319 2934 atque
337 2883 364 2920 ut
380 2888 488 2936 praesens
506 2871 636 2918 necessitas
679 2867 786 2915 admittit
795 2869 850 2928 ille,
863 2869 903 2915 eui
915 2868 965 2914 sola
978 2868 1034 2926 lex,
1049 2865 1100 2913 sola
1115 2865 1190 2912 indu·

121 2947 278 3007 subjiciebat.
293 2950 445 3014 Repetbsein
455 2950 569 2997 eumdem
580 2966 636 2997 sen·
679 2947 738 2994 stria
754 2948 784 2994 sit
801 2947 941 3010 principum
960 2947 1061 3010 gratiam
1078 2942 1191 2991 ambire?

123 3042 180 3073 sum
193 3027 265 3076 cadit.
278 3030 382 3077 Excusat
394 3040 474 3077 autem
486 3045 511 3074 se
525 3044 539 3074 a
553 3044 636 3075 neces·
718 3027 758 3074 13.
771 3025 882 3072 Patriam
896 3040 954 3074 esse.
972 3014 1063 3092 llaelpis
1073 3011 1125 3090 wip
1137 3015 1191 3086 idle

124 3105 208 3164 citato,
223 3123 277 3169 quae
287 3124 410 3155 summum
421 3108 558 3171 quibusque
570 3106 637 3152 iactis
681 3095 750 3151 eie'
760 3092 788 3151 ἶν’
798 3091 827 3152 eir
838 3091 941 3172 vpde‘lp
951 3120 990 3154 τις
997 3096 1031 3151 ia.
1042 3101 1115 3149 Ovid.
1127 3104 1190 3147 Fast.

119 3193 223 3245 praestat
229 3187 400 3248 patrocinium.
406 3186 550 3251 Thucyd.1‚
558 3185 599 3245 76,
606 3192 634 3240 4:
681 3184 706 3242 I,
716 3184 765 3246 493
775 3200 781 3230 ι
790 3206 802 3225 α
810 3183 891 3229 Omne
901 3182 981 3229 solum
991 3181 1048 3228 forti
1057 3179 1135 3242 patria
1144 3189 1191 3239 est,

125 3261 198 3312 reae
207 3249 239 3310 di
248 3253 421 3330 αἱκπῖφθσνον,
432 3252 468 3312 eei
478 3253 637 3331 ξυμφίροιτι
679 3271 707 3309 ut
723 3261 832 3325 piscibus
848 3276 959 3323 aequom
975 3259 1052 3306 Tacit
1068 3257 1131 3305 Hist.
1146 3258 1189 3315 1v,

125 3338 176 3389 riv
185 3329 317 3407 papiam
332 3332 390 3412 cepi
402 3331 515 3393 cadim
530 3328 637 3392 ciuile-
681 3343 730 3401 64,
749 3341 785 3387 6:
804 3338 959 3401 «Quomodo
979 3338 1057 3385 lucem
1076 3335 1190 3400 diemque

119 3419 190 3470 siet.
211 3423 243 3469 Et
262 3423 296 3470 sic
315 3423 439 3487 Poplicola
452 3424 518 3489 apud
534 3423 638 3488 Dyonis.
681 3419 797 3467 omnibus
806 3417 966 3475 hominibus,
977 3416 1010 3464 ita
1021 3432 1106 3462 omnes
1115 3425 1192 3462 terras

126 3500 253 3548 Belicam.
264 3503 296 3561 V,
303 3504 336 3558 64
348 3519 353 3548 :
364 3503 525 3550 uNeeessitati
533 3504 638 3567 impares
681 3498 785 3546 fortibus
795 3496 854 3544 viris
865 3507 951 3544 nature
964 3495 1066 3559 aperuit.
1073 3517 1086 3535 υ

128 3590 186 3626 suut
204 3579 308 3627 humaui
321 3581 416 3644 ingenii
428 3581 520 3628 vires.»
536 3608 572 3619 -
588 3582 637 3627 Ba·
720 3586 760 3634 rt.
779 3579 833 3639 Quo
851 3578 931 3622 Persoe
950 3573 1030 3622 modo.
1050 3573 1145 3621 Scilicet
1164 3581 1192 3618 ut

120 3672 203 3726 μη.
216 3659 276 3706 Vid.
288 3659 319 3706 de
330 3676 360 3706 eo
369 3660 401 3707 ad
411 3677 432 3707 c.
446 3663 473 3718 3,
485 3677 525 3708 ra.
536 3660 574 3708 Ne
583 3660 639 3723 quis
682 3656 793 3704 dextram
805 3672 849 3703 rex
861 3655 945 3714 daret,
958 3664 1000 3702 aut
1012 3651 1136 3716 praesenti,
1151 3658 1192 3696 aut

127 3735 638 3803 haereatpostpaullolegensBagoanaNa-
681 3753 727 3800 per
748 3735 939 3783 internuncium.
963 3730 1064 3779 Infinita
1088 3730 1192 3790 hujusce

129 3813 248 3877 hamne,
262 3827 359 3864 mortuo
370 3819 421 3878 jam
435 3828 490 3864 ante
500 3817 590 3875 Dario,
607 3817 639 3864 ad
682 3815 758 3862 moris
766 3813 877 3878 exempla
887 3824 939 3862 tum
948 3810 1015 3876 apud
1022 3810 1131 3866 Graecos,
1140 3818 1192 3854 tum

130 3893 298 3943 Alexandrum
324 3895 470 3956 adductum,
494 3896 553 3943 sciat
576 3896 639 3957 dpos
683 3893 750 3957 apud
759 3895 896 3952 Romanos,
911 3891 941 3938 ab
951 3893 1060 3938 Homero
1071 3902 1149 3950 usque
1161 3885 1192 3932 ad
1279 3948 1282 3954 .

131 3972 203 4020 luisse
217 3975 309 4038 Bagoas
323 3974 495 4038 cognominem
510 3985 640 4037 utrumque
684 3973 817 4022 Eusebium
824 3968 1107 4035 etllesychium,retolit
1113 3966 1194 4014 Frein-

132 4052 288 4115 eunuchum
304 4054 374 4102 illum
392 4070 407 4102 a
423 4054 499 4104 Dario
519 4053 641 4115 occisum,
684 4051 793 4101 chesnius
805 4052 833 4100 in
845 4059 904 4100 uota
916 4066 960 4098 sua
977 4048 1009 4098 ad
1022 4047 1090 4096 huuc
1103 4046 1194 4094 locum.
