2662 4836
209 313 252 392 48
528 314 571 394 Q.
606 312 796 378 curru
828 315 952 379 noar

208 426 336 498 bulum
354 429 479 524 regiae,
501 428 735 522 nequeenim
756 429 905 525 propius
925 428 1041 498 aditus
1061 430 1095 498 ei
1111 425 1276 526 patebat,

185 535 392 621 ·consistit;
420 535 612 631 opperiens
635 534 790 632 aliquem
813 561 858 606 ex
880 538 995 634 prima
1016 536 1167 608 cohorte
1188 536 1275 606 ami-

167 659 196 704 18
210 669 358 729 corum,
380 668 452 740 quo
471 643 762 715 introduceretur
779 645 824 715 ad
842 671 973 743 regem.
998 653 1123 734 Forte,
1148 647 1275 717 ceteris

210 753 379 840 dimissis,
399 778 495 823 unus
512 752 689 842 Philotas,
708 758 954 828 Parmenionis
967 756 1081 846 filius,
1097 759 1275 828 incertum

210 886 320 959 quam
346 862 394 932 ob
421 887 597 944 caussam,
624 863 831 935 substiterat
854 868 892 936 in
917 867 1023 963 regia.
1046 868 1139 938 Huic
1162 866 1273 938 Ceba·

211 974 325 1059 linus,
352 999 415 1044 ore
441 971 590 1044 confuso
615 998 750 1070 magnae
770 976 1051 1070 perturbationis
1072 991 1178 1047 notas
1203 1000 1273 1073 prae

196 1096 246 1154 'se
269 1081 404 1168 ferens,
427 1085 559 1180 aperit,
578 1109 658 1181 quae
678 1110 722 1155 ex
745 1083 854 1155 fratre
877 1102 1118 1182 compererat;
1142 1101 1179 1157 et
1199 1087 1273 1156 sine
1304 1069 1310 1083 ’

166 1228 196 1273 19
209 1196 436 1269 cunctatione
452 1195 617 1264 nunciari
634 1196 709 1291 regi
721 1193 835 1290 jubet.
853 1193 1027 1280 Philotas,
1047 1195 1193 1265 laudato
1215 1219 1272 1282 eo,

208 1320 382 1401 protenus
408 1304 519 1374 intrat
541 1305 585 1374 ad
609 1303 875 1391 Alexandrum3
900 1303 1092 1399 multoque
1118 1304 1271 1374 invicem

209 1410 252 1483 de
266 1413 342 1483 aliis
356 1411 464 1483 rebus
485 1427 699 1508 consumpto
721 1436 905 1500 sermone,
924 1412 1017 1482 nihil
1032 1437 1180 1500 eorum,
1197 1437 1272 1510 que

163 1558 195 1588 ω
208 1546 253 1592 ex
271 1521 446 1593 Cebalino
462 1535 695 1616 cognoverat,
714 1522 873 1591 nunciat.
894 1521 968 1593 Sub
985 1545 1173 1617 vesperam
1192 1546 1272 1593 eum

208 1632 452 1729 prodeuntem
471 1631 517 1727 ‘in
543 1629 722 1700 vestibulo
748 1632 852 1728 regiae
878 1632 1010 1727 excipit
1034 1632 1200 1727 juvenis,
1228 1655 1272 1701 an

162 1775 192 1805 n
208 1740 418 1825 mandatum
441 1753 661 1834 exsequutus
681 1737 774 1810 foret
796 1742 996 1837 requirens.
1014 1741 1100 1828 Ille,
1120 1766 1198 1813 non
1215 1767 1272 1812 va·

208 1866 303 1921 casse
320 1849 479 1919 sermoni
492 1872 558 1917 suo
573 1873 710 1944 regem,
725 1866 919 1938 caussatus,
935 1851 1105 1924 discessit.
1126 1856 1272 1923 Postero

208 1958 267 2029 die
289 1957 481 2028 Cebalinus
502 1957 664 2026 venienti
681 1958 719 2027 in
737 1961 870 2056 regiam
892 1976 1021 2058 praesto
1039 1975 1119 2031 est:
1142 1960 1276 2033 intran-

209 2083 356 2164 temque
380 2067 549 2136 admonet
572 2065 689 2163 pridie
714 2070 1084 2139 communicationum
1108 2068 1190 2165 ipso
1210 2072 1272 2141 rei.

207 2176 271 2276 llle
289 2200 380 2245 curae
397 2173 466 2244 sibi
483 2198 559 2244 esse
577 2175 764 2271 respondit
781 2204 789 2245 ε
808 2200 849 2246 ac
865 2202 911 2248 ue
925 2192 1003 2247 tum
1017 2176 1164 2273 quidem
1182 2179 1275 2274 regi,

209 2310 289 2382 quae
312 2285 495 2369 audierat,
521 2284 645 2378 aperit.
670 2287 837 2381 Coeperat
860 2284 1032 2355 Cebalino
1057 2310 1133 2356 esse
1152 2302 1275 2383 suspe-

164 2410 297 2466 nctus.
324 2401 451 2491 Itaque
474 2419 551 2463 non
573 2392 667 2462 ultra
692 2394 995 2490 interpellandum
1019 2410 1136 2483 ratus,
1159 2395 1277 2467 nobili

206 2507 351 2602 juveni,
365 2509 511 2575 Metron
530 2516 607 2573 erat
623 2504 655 2571 ci
666 2527 824 2589 nomen,
841 2528 950 2601 super
962 2506 1278 2592 armamentarium

165 2640 197 2686 23
211 2617 345 2715 posim,
367 2612 465 2711 quod
483 2611 597 2682 scelus
616 2625 821 2708 pararetur,
840 2612 982 2683 indicat.
999 2613 1084 2701 Ille,
1103 2603 1278 2684 Cebalino

210 2728 248 2796 in
272 2722 547 2795 armamentario
573 2719 802 2808 abscondito,
832 2738 1006 2819 protenus
1029 2724 1118 2819 regi,
1145 2749 1279 2822 corpus

212 2833 304 2904 forte
316 2830 476 2919 curanti,
497 2829 586 2926 quid
601 2832 635 2900 ei
650 2829 758 2899 index
772 2829 973 2917 detulisset,
990 2831 1161 2902 ostendit.
1179 2836 1277 2917 Rex,

211 2944 255 3013 ad
286 2938 668 3038 comprehendendum
694 2924 1022 3034 bymnumnissis
1044 2938 1276 3027 satellitibus,

248 3193 287 3237 ¹7·
309 3176 351 3221 Ea·
364 3172 447 3237 prima
466 3170 561 3219 cohorte
579 3167 718 3220 arnicorum.
763 3185 819 3217 rens
828 3168 896 3232 qnod
907 3168 960 3232 regi
969 3183 1023 3216 non
1033 3179 1139 3216 vacasset
1150 3169 1276 3217 attendere

209 3256 264 3301 Hoc
274 3266 323 3314 est,
337 3270 368 3301 ex
379 3267 483 3300 numero
493 3266 592 3306 eorum,
602 3249 645 3310 qui
655 3249 720 3296 inter
763 3264 811 3295 suae
825 3247 949 3294 delationi.

209 3334 335 3396 praefectos
351 3332 521 3379 macedonicos
541 3328 617 3392 primi
637 3338 718 3387 erant,
799 3342 840 3373 aa.
852 3327 955 3373 Metron.
969 3326 1021 3387 Qui
1031 3336 1083 3373 erat
1094 3343 1125 3374 ex
1136 3327 1221 3390 pueris
1235 3343 1275 3374 re-

210 3409 400 3474 Alexandroque
417 3408 544 3458 carissimi
561 3408 620 3453 Vox
637 3404 718 3452 cohors
762 3405 821 3468 giis,
831 3403 961 3466 dequibus
972 3404 1028 3451 vide
1042 3420 1115 3468 supra
1127 3405 1159 3451 ad
1170 3407 1216 3463 IV,
1231 3407 1278 3466 13,

122 3503 129 3517 ·
208 3487 327 3537 hocloco
341 3488 437 3535 nonde
455 3488 550 3555 agmine
564 3484 662 3531 militari
679 3485 718 3530 in·
766 3499 805 3545 19.
823 3484 854 3528 Iu
871 3497 922 3528 uno
939 3481 1018 3528 Codd.
1037 3482 1124 3547 legitur
1138 3483 1234 3530 Metron
1254 3483 1279 3531 ei

210 3567 339 3632 talligenda
352 3577 396 3615 est.
632 3564 634 3573 '
763 3572 815 3607 erat
833 3577 933 3616 nomen,
954 3560 1021 3607 unde
1039 3571 1110 3617 sunt,
1131 3561 1174 3622 qui
1194 3561 1276 3625 legere

248 3649 288 3696 18.
312 3645 430 3693 Philotas.
454 3644 582 3692 Praefectus
607 3642 719 3691 omnium
762 3639 848 3686 malint
856 3635 960 3686 Macroni
967 3649 1122 3687 erataomen.
1130 3640 1277 3689 Armamen·

210 3725 319 3789 equitum
328 3725 510 3771 amicorum-
518 3723 547 3769 In
556 3721 632 3786 regia.
642 3721 718 3769 Intel-
763 3721 818 3767 tarii
831 3721 955 3782 praefectus
969 3729 1026 3765 erat.
1037 3720 1259 3766 Anrramentarium
1265 3753 1273 3776 ,

209 3804 258 3868 ligo
283 3804 384 3851 domum
406 3803 495 3867 regiam
517 3802 546 3848 in
567 3803 717 3863 Drangarum
762 3814 830 3862 graec.
845 3785 978 3854 ὄπλοθιῖκη
991 3797 1058 3860 apud
1071 3798 1275 3856 Diodor.,locus

209 3881 278 3930 urbe.
289 3910 323 3918 -
335 3880 496 3930 cunctatione.
512 3881 629 3944 Quinque
639 3877 717 3926 Codd.
763 3889 813 3938 est,
827 3877 869 3924 ubi
883 3893 949 3923 arma
962 3876 1138 3924 reconduntur.

209 3960 332 4011 dilacione.
797 3957 839 4003 23.
854 3956 943 4019 Corpus
952 3953 1020 4019 sorte
1037 3955 1139 4004 curanti.
1160 3957 1278 4014 Lavnnti,

247 4057 287 4088 ar.
296 4040 351 4096 Ille,
361 4038 653 4089 uonvacasse.Caussam
664 4035 719 4083 affe-
761 4046 789 4083 ut
803 4052 833 4082 ex
847 4034 958 4089 Diodoro
972 4033 1093 4082 videmus.
