2662 4836
477 329 638 392 muna
670 328 735 391 vr.
1097 332 1139 415 47

64 447 204 513 rimum
221 444 360 514 facinus
376 442 619 515 inchoaturos.
636 445 731 516 Alias
745 442 877 514 deinde
893 442 1140 515 effeminatum
1151 467 1180 500 1¹

68 567 107 622 et
135 553 365 624 muliebriter
388 553 575 639 timidum,
607 553 693 623 alias
723 553 946 650 proditorem
975 555 1156 625 amatoris

68 663 276 761 appellans,
305 687 404 734 nunc
430 664 590 760 ingentia
615 663 850 760 promittens,
886 662 1143 760 interdumque

67 798 227 870 regnum
258 797 428 870 quoque,
458 773 624 844 versabat
654 775 814 845 animum
849 789 950 844 tanto
985 773 1144 846 facinore

69 882 203 979 procul
224 880 491 953 abhorrentem.
516 883 688 953 Strictum
711 883 842 953 deinde
862 880 1019 979 gladium
1034 884 1144 954 modo
1155 912 1184 943 12

70 992 185 1078 illius,
212 992 320 1062 modo
344 1017 409 1063 suo
433 992 626 1063 admovens
644 992 786 1089 jugulo,
811 992 964 1091 supplex
988 993 1086 1065 idem
1110 1009 1146 1065 et

39 1153 45 1164 .
72 1097 249 1179 infestus,
271 1103 445 1196 expressit
468 1100 630 1186 tandem,
652 1112 694 1169 ut
714 1126 791 1170 non
806 1101 927 1171 solum
945 1101 1143 1189 silentium,

74 1207 267 1279 sedetiam
286 1233 435 1304 operam
455 1207 695 1305 polliceretur.
716 1213 880 1306 Namque
896 1209 1039 1283 abunde
1060 1230 1188 1282 con-13
1246 1235 1253 1246 ·

75 1318 205 1387 stantis
227 1318 352 1399 animi,
373 1331 409 1387 et
431 1317 576 1413 dignus,
599 1317 662 1412 qui
683 1316 835 1413 pudicus
859 1333 967 1406 esset,
989 1319 1080 1388 nihil
1104 1345 1148 1390 ex

77 1427 230 1523 pristina
248 1425 432 1496 voluntate
451 1438 673 1512 mutaverat3
693 1425 775 1511 sed,
797 1451 835 1496 se
854 1441 998 1524 captum
1012 1432 1149 1524 Dymni

78 1552 221 1619 amore,
246 1533 435 1604 simulabat
459 1533 551 1603 nihil
570 1558 746 1605 recusare.
772 1535 948 1605 Sciscitari
966 1536 1052 1608 inde
1071 1562 1190 1635 per-11.

79 1640 148 1739 git,
176 1666 257 1713 cum
283 1641 416 1738 quibus
442 1657 548 1714 tantae
573 1645 625 1714 rei
650 1645 858 1714 societatem
881 1645 1013 1732 inisset.
1039 1647 1151 1716 Pluri-

77 1776 182 1823 mum
206 1751 357 1836 referre,
384 1753 508 1850 quales
529 1754 598 1823 viri
622 1766 695 1823 tarn
718 1752 944 1823 memorabili
967 1757 1069 1853 operi
1095 1756 1152 1826 ad-

79 1861 218 1932 moturi
234 1876 362 1931 manus
382 1877 511 1932 essent.
539 1862 621 1947 Ille,
644 1876 681 1931 et
700 1886 821 1932 amore
841 1877 877 1944 et
895 1863 1027 1933 scelere
1046 1865 1193 1935 male-15

81 1984 213 2058 sanus,
225 1970 342 2039 'simul
356 1971 484 2067 gratias
500 1973 585 2068 agit,
606 1971 712 2041 simul
725 1971 942 2069 gratulatur,
964 1975 1062 2070 quod
1081 1973 1152 2045 lor·

81 2083 230 2152 tissimis
250 2083 426 2177 juv'enum
451 2108 527 2153 non
551 2082 747 2153 dubitasset
770 2107 807 2155 se
828 2083 995 2178 jungere,
1023 2088 1152 2155 Deme-

82 2191 157 2261 trio
178 2191 339 2287 corporis
362 2191 518 2277 custodi,
540 2192 731 2278 Peucolao,
749 2192 936 2278 Nicanori;
962 2193 1079 2289 adjicit
1097 2194 1154 2266 his

81 2293 348 2398 Aphoebetum,
385 2304 563 2386 Loceum,
592 2302 821 2386 Dioxenum,
844 2301 1088 2400 Archepolym
1119 2320 1155 2376 et

82 2417 290 2505 Amyntam.
309 2409 364 2480 Ab
379 2410 450 2480 boc
464 2434 631 2481 sermone
648 2411 813 2480 dimissus
832 2410 1090 2502 Nicomachus,
1110 2417 1154 2486 ad
1166 2439 1196 2484 is

84 2517 235 2588 fratrem
249 2518 445 2614 (Cebalino
457 2534 534 2589 erat
547 2520 721 2614 nomen),
735 2544 813 2616 quae
828 2536 1014 2617 acceperat
1027 2521 1154 2594 defert.

84 2632 207 2702 Placet
226 2632 343 2730 ipsum
362 2631 554 2702 subsistere
566 2630 610 2700 'in
629 2630 880 2718 tabernaculo,
899 2656 963 2719 ne,
978 2635 1007 2704 si
1022 2637 1156 2734 regiam

83 2743 277 2828 intrasset,
302 2765 379 2811 non
401 2758 560 2812 assuetus
587 2740 685 2811 adire
710 2764 850 2836 regem,
869 2743 1046 2837 conjurati
1072 2771 1155 2844 pro-

86 2850 182 2920 ditos
199 2856 243 2920 se
267 2875 343 2921 esse
366 2852 606 2923 resciscerent.
631 2857 712 2949 lpse
737 2849 929 2922 Cebalinus
949 2868 1033 2926 ante
1051 2859 1195 2933 vesti-17

128 3047 167 3079 11.
182 3031 303 3077 Versabat
314 3030 430 3079 animum.
445 3031 537 3078 Animo
549 3035 601 3093 ejus
647 3033 725 3079 missae
738 3047 818 3095 operar
831 3033 865 3078 sic
875 3033 1013 3083 extollebat.
1023 3039 1158 3086 Demetrius

88 3111 171 3158 varios
185 3109 285 3156 affectus
297 3108 436 3168 injiciebat,
448 3111 524 3156 modo
534 3128 602 3174 spem
647 3112 783 3174 ecorporis
800 3113 943 3159 custodibus
961 3117 1060 3175 maioris
1076 3119 1158 3183 digni·

35 3253 38 3257 ¹
88 3184 342 3252 magnarumrerntn,
360 3187 435 3235 modo
451 3189 536 3235 mortis
551 3205 603 3236 me·
647 3192 701 3239 tatis
713 3200 860 3254 erat,quem
872 3203 896 3238 et
905 3193 1159 3258 Arrianus,lll‚27,

87 3279 158 3324 tum,
170 3267 245 3312 modo
258 3265 447 3311 miserationem.
651 3287 696 3331 rr,
713 3281 736 3317 et
754 3271 843 3318 iterum
859 3272 971 3330 Curtios,
984 3275 1037 3332 VI,
1054 3292 1097 3336 11,
1113 3279 1144 3326 35
1152 3313 1159 3336 ‚

129 3345 169 3392 13.
179 3342 384 3406 Itemqnejttnitt
395 3343 464 3390 deest
471 3353 527 3391 'ante
538 3344 603 3392 hanc
630 3360 633 3365 ·
648 3350 826 3410 coniurationis
839 3350 983 3414 participem
997 3353 1071 3402 fuisse
1084 3356 1160 3403 tradi-

89 3424 248 3488 particulam3
260 3423 393 3486 respondet
401 3425 467 3470 enim
475 3426 552 3472 tacitae
561 3424 605 3472 ob·
649 3424 868 3489 derunt.Amy'ntas
877 3439 913 3476 est
921 3428 1088 3481 Andromenis
1095 3433 1161 3482 filius

90 3503 194 3565 jectionl
208 3513 249 3550 aut
262 3501 428 3561 dubitationi,
442 3510 468 3549 'et
485 3504 604 3567 explicit,
649 3524 722 3570 quem
744 3518 880 3555 accusatum
901 3509 934 3556 ob
953 3511 1083 3560 amicitiam
1105 3532 1161 3562 cum
1230 3517 1232 3522 ’

91 3598 144 3646 qno
152 3581 392 3629 consilio'sileutitttn
404 3591 427 3633 et
439 3591 539 3646 operam
551 3600 606 3647 spo·
650 3587 745 3634 Philota
756 3587 898 3635 Alexander
906 3588 1018 3638 absolvit.
1030 3592 1119 3640 Itidem
1131 3611 1162 3643 ex

93 3661 214 3725 penderit
220 3660 260 3707 ille
269 3664 280 3717 ,¹
285 3664 361 3729 qtiem
373 3669 424 3707 toto
438 3661 521 3708 animo
535 3662 565 3709 ab
576 3677 605 3709 eo
651 3662 767 3712 absolutis
781 3683 832 3713 esse
844 3678 949 3729 possunt
961 3670 1105 3729 Peucolao,
1120 3675 1164 3736 qui

75 3740 184 3787 'scelere
196 3738 469 3786 abhorruisse'dixerat.
651 3743 759 3806 posthaec
780 3745 807 3790 in
828 3744 956 3808 Sogdianis
979 3763 1035 3794 cum
1056 3753 1163 3798 exercitu

133 3821 173 3866 15.
182 3817 335 3866 Fortissimis.
345 3817 430 3880 Aliqui
442 3818 521 3866 Codd.
524 3817 609 3884 fom's-
653 3833 720 3882 erat,
746 3833 817 3895 atque
838 3822 960 3882 Nicanor,
986 3828 1056 3887 cnjus
1078 3831 1164 3896 saepius

44 3914 47 3923 ·
92 3897 178 3955 sirmas,
192 3896 260 3961 quod
271 3896 469 3958 Freinshemius,
483 3912 559 3961 quum
570 3917 609 3947 re·
631 3908 634 3914 '
653 3901 761 3965 posthaec
770 3903 862 3949 mentio
874 3895 933 3950 facta
944 3915 987 3951 est.
996 3906 1101 3956 Possunt
1107 3926 1166 3957 vero

73 3990 76 3995 ·
94 3977 202 4040 ciperet,
216 3975 249 4023 ad*
259 3976 526 4037 exoletum-referebat,
537 3995 610 4040 quem
655 3981 726 4027 etiam
738 3981 821 4044 plures
835 3983 887 4040 ejus
901 3984 1009 4032 nominis
1021 3986 1050 4033 in
1060 3986 1168 4037 exercitu

96 4056 138 4102 ille
161 4056 298 4102 malesanus
323 4066 416 4104 amator
438 4056 528 4118 gaudio
552 4071 610 4120 pro·
655 4059 737 4108 fuisse.
749 4062 786 4108 De
800 4061 900 4123 reliquis
912 4062 975 4111 nihil
989 4065 1048 4116 scio.
