2662 4836
528 358 680 423 mana
709 359 773 424 vr.
1086 347 1089 357 ’
1144 353 1185 442 57

88 464 310 544 ¹'hominum
337 472 472 544 scelere
497 473 602 544 vobis
628 487 775 571 ereptus
805 494 904 559 sum;
931 471 1039 543 deum
1064 469 1186 568 provi·
1284 502 1286 507 v

115 582 240 654 dentia
257 599 294 656 et
306 584 550 655 misericordia
569 585 650 653 vivo
669 611 676 652 :
698 598 984 681 conspectusque
1004 583 1113 652 vestri
1130 604 1187 650 ve-

114 690 288 764 nerabilis
317 696 431 791 cogit,
456 708 497 764 ut
512 693 760 764 vehementius
784 693 968 789 parricidis
994 693 1186 781 irascerer,

116 803 287 896 quoniam
309 805 473 902 spiritus,
499 805 611 873 immo
630 827 724 873 unus
741 805 822 873 vitae
842 827 931 872 meae
954 800 1091 872 fructus
1111 815 1189 884 est,

109 925 170 981 'tot
192 911 396 984 fortissimis
411 915 511 1000 viris,
532 928 568 984 et
587 913 704 985 deme
723 914 859 1010 optime
874 912 1030 1011 meritis,
1050 909 1185 980 referre

117 1019 235 1092 adhuc
255 1023 405 1119 gratiam
424 1047 569 1120 posse.»
594 1023 797 1119 Interrupit
812 1023 1015 1092 orationem
1030 1021 1186 1090 militum
1212 1041 1230 1086 s

117 1133 286 1226 gemitus,
305 1132 514 1229 obortaeque
525 1147 611 1203 sunt
624 1132 792 1203 omnibus
806 1131 981 1227 lacrymae.
998 1135 1090 1200 Tum
1103 1155 1187 1217 rex,

118 1244 306 1330 «Quant0,
332 1242 470 1338 inquit,
496 1243 669 1336 majorem
695 1242 733 1310 in
756 1241 883 1310 animis
899 1240 1026 1311 vestris
1046 1255 1187 1309 motum

118 1348 302 1437 excitabo,
333 1375 448 1447 quum
482 1352 575 1422 tanti
604 1351 747 1421 sceleris
778 1365 941 1420 auctores
970 1348 1187 1434 ostender03

120 1482 278 1553 quorum
303 1461 528 1530 mentionem
552 1459 669 1529 adhuc
684 1459 904 1547 reformido,
928 1474 980 1543 et,
1002 1475 1187 1556 tamquam

120 1566 207 1636 salvi
225 1592 302 1637 esse
317 1569 474 1665 possint,
495 1568 705 1640 nominibus
722 1570 898 1640 abstineo.
923 1569 992 1640 Sed
1011 1567 1188 1638 vincenda
1213 1607 1229 1653 t

119 1691 173 1746 est
196 1680 371 1749 memoria
393 1680 551 1776 pristinae
576 1680 753 1766 caritatis,
778 1693 814 1752 et
838 1679 1039 1774 conjuratio
1059 1678 1187 1774 impio-

117 1810 200 1855 rum
212 1787 345 1858 civium
360 1788 570 1886 detegenda.
590 1789 784 1879 Quomodo
799 1805 922 1860 autem
936 1802 1076 1858 tantum
1089 1785 1188 1857 nefas
1242 1860 1244 1864 .

119 1897 269 1967 sileam?
293 1899 507 1983 Parmenio,
532 1898 591 1968 illa
606 1914 727 1993 aetate,
750 1914 805 1969 tot
820 1900 931 1986 meis,
954 1913 1008 1968 tot
1028 1898 1187 1996 parentis

119 2008 193 2077 mei
205 2009 343 2078 meritis
361 2007 565 2094 devinctus,
589 2010 753 2079 omnium
767 2009 873 2080 nobis
882 2008 1080 2079 amicorum
1090 2022 1189 2078 vetu-

120 2117 313 2202 stissimus,
339 2118 468 2188 ducem
495 2132 597 2188 tanto
625 2118 752 2188 sceleri
776 2144 813 2188 se
837 2117 1000 2217 praebuit.
1024 2117 1189 2187 Minister
1215 2143 1229 2187 5

121 2225 199 2318 ejus
216 2225 375 2296 Philotas
392 2228 625 2312 Peucolaum,
641 2242 677 2296 et
691 2229 934 2311 Demetrium,
949 2240 986 2294 et
999 2225 1098 2295 hunc
1112 2230 1187 2320 Dy-

121 2358 271 2419 mnum,
292 2338 391 2431 cujus
415 2361 547 2435 corpus
572 2337 768 2435 adspicitis,
792 2353 1005 2432 ceterosque
1028 2335 1188 2430 ejusdem

121 2446 286 2514 amentiae
301 2446 338 2514 in
354 2461 460 2543 caput
480 2472 602 2518 meum
618 2445 869 2518 subornavit».
893 2445 1068 2515 Fremitus
1087 2444 1190 2514 undi·
1215 2477 1231 2522 ⁶
1285 2530 1288 2534 ἡ

122 2578 195 2649 que
216 2555 483 2652 indignantium
507 2557 814 2653 querentiumque
834 2569 910 2626 tota
928 2555 1102 2624 concione
1126 2552 1189 2623 ob·

120 2663 329 2760 strepebat;
352 2665 468 2760 qualis
486 2666 578 2736 solet
600 2690 675 2736 esse
696 2666 956 2751 multitudinis,
980 2677 1015 2736 et
1033 2665 1189 2735 maxime

121 2772 307 2854 militaris,
326 2771 389 2846 ubi
410 2788 472 2845 aut
490 2774 611 2845 studio
629 2774 765 2870 agitur,
784 2789 847 2846 aut
860 2776 923 2845 ira.
948 2773 1188 2845 Nicomachus
1218 2821 1230 2864 7

123 2883 270 2967 deinde,
281 2897 318 2952 et
327 2887 471 2955 Metron
480 2939 489 2970 ,
499 2884 736 2956 etCebalinus
748 2883 931 2980 producti,
942 2908 1021 2981 quae
1035 2885 1189 2981 quisquc

124 2991 317 3077 detulerat,
345 3008 544 3091 exponunt.
571 2995 712 3066 Nullius
732 3019 858 3065 eorum
877 2993 1010 3065 indicio
1032 2994 1190 3064 Philotas

158 3139 638 3197 a.Hominum.Freinshemius‚Sclimie·
681 3144 733 3190 vult
743 3143 861 3208 quomodo
869 3142 944 3198 enim,
956 3142 1024 3206 quod
1033 3140 1190 3206 admisitipse

122 3221 180 3278 der,
195 3221 336 3282 caeterique,
348 3237 483 3283 paucorum
497 3220 617 3268 hominum
625 3239 636 3279 ,·
684 3222 778 3269 Tellier.

123 3301 169 3348 sed
181 3316 230 3347 vox
240 3300 309 3363 prior
322 3299 530 3358 ahestanostris,
543 3311 567 3347 et
576 3302 637 3349 mul·
717 3302 741 3348 5.
762 3299 876 3364 Ejusdem
899 3300 1020 3348 amentia.
1046 3301 1084 3347 ste
1105 3301 1192 3364 scripsi

123 3380 155 3426 tis
166 3377 220 3425 aliis
229 3377 308 3425 Codd.
318 3379 378 3424 Eam
387 3394 486 3440 quoque
497 3378 637 3437 delev15sic
681 3393 737 3425 cum
760 3377 876 3424 omnibus
898 3380 947 3424 fere
970 3377 1049 3425 Codd.
1070 3395 1116 3442 pro
1141 3377 1191 3443 ejus

123 3459 207 3517 enim,
215 3466 243 3504 ut
251 3457 344 3504 notavit
349 3457 451 3504 Modius
458 3493 465 3516 ,
473 3457 580 3505 vividius
591 3475 636 3522 op·
680 3455 801 3503 amentiae.
811 3458 846 3502 De
854 3457 1028 3514 Parmenione,
1037 3456 1081 3519 qui
1088 3457 1194 3504 Alexan·

125 3547 255 3603 ponuntur
267 3536 303 3583 dii
313 3529 470 3594 hominibffn
482 3536 573 3584 horum
585 3553 637 3584 sce-
682 3536 728 3583 dro
738 3535 840 3595 jubente
853 3546 910 3599 post
923 3535 1024 3584 Philotae
1036 3546 1140 3583 mortem
1153 3537 1192 3582 in-

124 3618 177 3676 lus,
189 3615 288 3662 illorum
301 3615 466 3679 providentia.
479 3641 514 3650 —-
523 3615 635 3678 Spiritus.
681 3616 795 3662 terfectus
805 3625 855 3675 est,
869 3631 920 3662 rem
930 3615 1030 3665 dubiam
1041 3615 1139 3676 reliquit
1147 3616 1193 3660 Ar·

124 3699 186 3744 Vox
196 3704 314 3757 suspecta.
327 3694 439 3741 Barthius
450 3705 568 3758 sporatio,
584 3698 637 3743 Ru·
681 3694 742 3742 rian.
752 3697 804 3754 111,
816 3698 864 3755 26,
882 3707 964 3742 utrum
977 3711 1029 3741 eam
1042 3692 1074 3741 ob
1085 3710 1194 3742 caussam

125 3771 216 3822 bonius
230 3783 254 3821 et
265 3773 355 3820 Tellier
363 3789 485 3837 supremus
498 3774 562 3838 legit.
575 3774 637 3822 Cod.
682 3775 776 3822 occisus
784 3776 830 3834 sit,
839 3776 907 3838 quod
914 3775 1060 3823 insidiarum
1068 3788 1120 3819 non
1128 3773 1195 3837 igna-

126 3853 174 3900 Th.
188 3867 265 3908 unus,
283 3850 331 3898 imo
345 3851 405 3898 vita
422 3867 483 3898 meoe
498 3867 572 3908 unus,
592 3861 637 3899 etc.
682 3869 723 3900 rus
738 3855 878 3916 videretur,
896 3873 927 3902 an
943 3855 1011 3919 quod
1029 3853 1194 3917 periculosum

125 3931 244 3978 Heinsius
264 3930 383 3994 proponit
397 3930 549 3995 prasiorum
570 3932 638 3996 quod
682 3943 759 3992 esset,
771 3945 867 3997 patrem
877 3944 942 3981 tanta
952 3935 979 3980 in
992 3934 1102 3980 exercitu
1111 3943 1193 3981 aucto·

124 4010 273 4074 praeferrem.
682 4011 752 4058 ritate
761 4029 887 4075 superesse
901 4011 954 4059 filio
964 4013 1097 4059 interfecto.

163 4087 323 4150 4.⁴Quomodo
331 4096 419 4138 aretem.
433 4088 580 4153 Bongarsius
590 4103 639 4136 ma·
719 4107 741 4150 7.
753 4090 880 4139 Nullius..
889 4127 895 4138 .
904 4129 910 4141 .
920 4089 1021 4140 indicto.
1031 4125 1036 4137 .
1046 4127 1053 4139 .
1062 4125 1067 4136 .
1072 4087 1193 4153 particeps
