2662 4836
160 324 202 404 54

483 324 523 405 Q.
558 322 745 387 curru
778 321 905 385 nuri
996 326 1001 333 ·

120 453 232 537 16qua
262 440 348 509 novi
378 439 459 507 initi
490 437 627 508 consilii
662 436 808 507 daretur
834 450 932 506 nota.
964 435 1144 506 Invitatus
1175 446 1229 500 est

159 550 267 619 etiam
285 547 443 618 Philotas
458 545 504 616 ad
525 547 668 616 ultimas
685 546 753 643 ipsi
771 545 913 643 epulas,
937 559 973 615 et
990 569 1066 614 non
1085 565 1228 613 coenare

157 656 284 740 modo,
303 656 366 726 sed
387 655 494 725 etiam
516 654 738 725 familiariter
757 654 918 750 colloqui
939 678 1021 724 cnm
1038 679 1100 738 eo,
1120 673 1228 748 quem

120 765 406 849 udamnaverat,
423 764 603 834 sustinuit.
622 766 786 835 Secunda
811 763 943 835 deinde
960 763 1100 859 vigilia,
1129 758 1228 831 lumi-

158 874 268 945 nibus
292 874 494 959 exstinctis,
521 898 604 943 cum
631 874 753 971 paucis
777 874 816 943 in
842 874 976 970 regiam
1000 885 1135 943 coeunt
1159 874 1228 938 He-

158 982 356 1080 phaestion,
376 997 412 1053 et
432 985 615 1067 Craterus,
633 998 669 1053 et
690 986 841 1068 Coenus,
861 998 898 1053 et
913 983 1104 1078 Erigyius:
1126 979 1170 1048 hi·
1185 1003 1228 1048 ex

160 1093 301 1179 amicis;
327 1118 372 1161 ex
395 1091 579 1188 armigeris
597 1107 719 1163 autem
743 1092 928 1163 Perdiccas
950 1110 985 1164 et
1009 1097 1227 1163 Leonnatus.

199 1303 238 1349 16.
252 1301 369 1348 Invitatus
384 1311 426 1350 est.
443 1301 628 1364 Nequidquam
641 1302 673 1349 de

162 1384 255 1428 ihutato
266 1381 331 1444 regis
346 1380 428 1426 animo
439 1381 611 1444 suspicaretur.
621 1381 673 1427 aa·

161 1461 215 1509 der.
239 1462 302 1508 Mox
320 1475 366 1522 pro
386 1471 411 1506 et
426 1474 475 1506 raon
491 1476 587 1507 eoenare
603 1459 674 1506 multi

161 1539 241 1588 Codd.
259 1550 283 1586 et
300 1555 345 1586 rex
362 1554 410 1585 non
423 1555 529 1587 coenare.
546 1566 581 1574 —
597 1539 674 1586 Susti-

161 1619 222 1668 nuit.
234 1618 301 1666 Proh
312 1618 431 1666 dedecus!
445 1634 497 1666 non
509 1634 566 1664 sane
580 1619 607 1664 in
616 1618 674 1665 Ale-

161 1698 258 1745 xandro
270 1697 377 1760 reperire
389 1696 592 1753 existimavisses,
607 1695 675 1760 qnod

162 1777 193 1823 de
205 1776 345 1823 Domitiano
356 1791 412 1839 erga
423 1774 552 1822 Aretinum
562 1775 675 1823 Clemen-

161 1866 227 1913 tem,
241 1856 341 1901 Sueton.
356 1869 408 1918 cap.
423 1871 467 1912 113
486 1855 516 1900 de
531 1854 675 1902 Mithridate

162 1949 220 1997 erga
234 1932 333 1987 Galatiae
348 1933 494 1991 tetrarchas,
507 1932 613 1996 Appiam
624 1935 674 1980 Mi-

162 2013 276 2071 thridat.;
294 2012 325 2059 de
342 2012 413 2059 Ocho
432 2027 488 2074 erga
505 2026 563 2058 suos
577 2012 674 2070 hostes,

163 2092 245 2138 Valer.
252 2092 355 2139 Maxim.
365 2093 416 2150 tx,
429 2107 442 2138 a
452 2125 459 2150 ,
469 2094 500 2150 ὃς
512 2091 542 2138 de
550 2091 675 2139 Ludovico

162 2171 206 2219 illo
220 2171 365 2229 undecimo,
384 2171 426 2234 qui
443 2170 614 2217 dissimulandi
630 2188 674 2218 ne-

163 2251 240 2298 scium
248 2251 357 2297 nescium
365 2247 675 2312 1·egnandiaffirmabat,re·

162 2330 218 2377 tulit
225 2330 334 2377 historia.
348 2331 378 2375 Et
389 2329 441 2387 ille,
455 2329 496 2390 qui
509 2329 584 2376 modo
595 2329 675 2375 excla-

163 2406 589 2471 mahat,utscripsitnosterllacine,
596 2407 672 2456 Alex.

164 2496 209 2534 act.
222 2489 265 2545 IV,
279 2504 311 2533 sc.
324 2503 353 2533 2:
370 2487 480 2534 «Jamais
492 2502 527 2533 on
538 2503 569 2532 ne
583 2486 629 2532 m'a
642 2503 674 2534 vn

163 2591 175 2609 u
182 2567 287 2615 ddroher
297 2567 320 2613 la
329 2567 443 2625 victoire,
454 2567 485 2611 Et
493 2581 537 2628 par
546 2581 586 2612 ees
594 2564 675 2612 hebes

162 2649 249 2695 usoins
276 2647 352 2709 qu'on
380 2662 411 2693 ne
436 2654 496 2708 peut
522 2642 674 2707 m’imputer,

162 2729 302 2788 «Tromper
312 2727 363 2771 ines
374 2724 493 2781 ennemis,
503 2739 534 2769 au
541 2722 591 2769 lieu
601 2723 674 2770 deles

163 2829 175 2846 «ι
183 2805 309 2868 dompter;
317 2826 329 2843 n
342 2819 469 2866 nunquam
480 2803 622 2850 Neroniana
634 2803 674 2850 illa

162 2884 236 2931 verba
253 2899 371 2946 usurpare
387 2881 526 2939 debuisset,
539 2899 593 2945 quae
608 2883 674 2929 idern

163 2962 267 3021 Hacine,
282 2961 448 3017 Britannicus,
468 2972 514 3008 act.
528 2964 578 3020 lv,
596 2978 629 3008 sc.
643 2964 673 3020 3,

162 3054 210 3090 tam
226 3042 306 3089 vivide
320 3041 455 3105 expressit:
468 3063 518 3088 .....
528 3040 674 3088 J'emhrasse

161 3146 174 3164 ιι
181 3139 241 3169 mon
258 3121 333 3179 rival,
351 3121 411 3168 mais
427 3119 485 3166 c'est
500 3136 565 3183 pour
579 3119 671 3167 l'etoof-

162 3202 244 3248 «feu»

202 3297 241 3340 17.
252 3279 392 3325 Luminibus
400 3277 530 3325 exstinctis.
542 3278 602 3324 Non
611 3286 672 3323 tem-

162 3375 209 3423 pus
232 3356 395 3422 significatur,
417 3357 461 3404 sed
482 3356 610 3403 occultatio
631 3356 673 3402 in-

162 3437 293 3496 trantium,
306 3438 354 3484 hoc
368 3447 417 3494 est,
432 3437 484 3483 sine
498 3433 621 3482 consuetis
633 3435 673 3481 lu·

162 3517 345 3580 minibus,quae
352 3525 428 3562 noctu
434 3514 542 3578 praelerri
549 3513 671 3572 solebant,

162 3597 272 3653 coivere,
290 3613 320 3641 ne
339 3594 532 3653 observarentur.
546 3620 581 3630 -
594 3592 628 3638 112·
640 3609 671 3640 ex

161 3672 257 3730 amicis,·
267 3690 298 3721 etc
306 3671 434 3737 aurigeris
444 3683 532 3721 amem.
543 3674 579 3719 De
587 3670 672 3718 amicis

160 3753 248 3815 scripsi
259 3752 290 3798 ad
301 3751 316 3816 S
331 3769 353 3810 1,
364 3753 438 3812 hujus
449 3767 470 3797 e.
482 3751 594 3814 Intellige
604 3767 672 3797 sum·

160 3848 215 3879 mos
228 3832 354 3894 agminum
367 3832 499 3894 praefectos.
511 3830 559 3877 Sed
571 3829 672 3891 armige-

160 3926 247 3958 rorum
259 3926 355 3973 quoque
369 3910 488 3958 vocabulo
504 3911 551 3957 alio
563 3909 619 3956 loco
631 3909 672 3955 alii

159 3989 312 4052 intelligendi
334 4000 405 4048 sunt3
431 3990 506 4037 modo
529 3987 671 4050 simpliciter

161 4067 287 4125 satellites,
297 4078 320 4114 et
328 4084 355 4115 re
363 4069 416 4132 ipsa
424 4067 535 4133 corporis
544 4066 670 4128 custodes,

718 1313 744 1349 ut
758 1306 810 1362 III,
826 1319 871 1359 ra,
886 1320 913 1363 73
925 1303 1055 1361 mod0,ut
1065 1311 1152 1348 nostro
1161 1299 1228 1358 loco,

718 1382 826 1444 supremi
835 1381 938 1440 ducum,
949 1381 991 1443 qui
999 1396 1075 1444 graece
1083 1378 1171 1426 eodem
1180 1392 1228 1439 quo

718 1461 754 1506 illi
774 1461 877 1507 nomine
894 1450 1109 1525 νυμιἹοφῦλακις
1125 1456 1230 1520 appella·

717 1539 815 1586 bantur.
822 1540 880 1587 Vid.
888 1540 919 1586 ad
928 1542 972 1598 IV,
984 1541 1026 1597 13,
1037 1556 1061 1600 9.
1071 1540 1168 1585 Horum
1178 1546 1229 1581 tum

718 1634 771 1664 non
787 1629 856 1665 erant
867 1635 940 1682 supra
954 1628 1060 1681 septem,
1078 1617 1105 1663 in
1124 1630 1228 1678 quorum

719 1683 1231 1760 gradum,qniinterroiettm'povsexcetle«

719 1774 791 1831 bant,
801 1777 925 1823 interdum
932 1777 1151 1839 promovebantur.
1159 1771 1229 1819 Unde

719 1855 808 1901 sactum
820 1867 869 1916 est,
888 1866 914 1903 ut
924 1858 1043 1904 Arrianus
1055 1867 1079 1902 et
1091 1854 1229 1902 Perdiccam

720 1944 743 1981 et
755 1937 908 1984 Leonnatum
919 1922 962 1985 ira
976 1932 1025 1983 reis
1040 1922 1136 1999 ilaipus
1147 1931 1229 1996 appel·

719 2013 785 2061 laret.
796 2015 857 2076 Quae
867 2016 941 2079 igitur
951 2014 1030 2062 turbae
1039 2030 1071 2061 ex
1081 2013 1178 2060 diversa
1186 2027 1229 2058 vo·

720 2106 775 2140 cum
791 2086 882 2160 ι’Ἱαῖρος
896 2104 920 2140 et
934 2083 1124 2159 wpalopv‘toess
1137 2088 1229 2155 signifi·

720 2173 814 2219 catione
839 2189 891 2219 eam
915 2171 948 2218 oh
971 2188 1079 2218 caussam
1101 2172 1229 2226 oriuntur,

719 2250 785 2312 quod
799 2252 878 2298 Latini
889 2251 1008 2298 vocabulo
1021 2252 1119 2312 utrique
1132 2264 1230 2312 respon·

719 2329 790 2377 dente
808 2331 937 2390 carebant,
957 2330 1043 2377 Curtio
1059 2327 1229 2376 condonandae

719 2419 789 2467 sunt,
801 2411 913 2472 quamvis
924 2410 1065 2476 diligentior
1077 2409 1133 2470 quis
1143 2407 1228 2471 quovis

718 2487 794 2536 modo
806 2489 988 2552 ambiguitatem
998 2489 1118 2535 evitasset.
1128 2487 1228 2550 Hepha-

718 2567 778 2615 str'm
788 2579 843 2615 ante
856 2569 957 2616 Philotae
967 2580 1069 2616 mortem
1082 2568 1155 2620 alicui
1166 2567 1228 2631 parti

719 2649 828 2711 equitum
837 2649 972 2696 amicornm
984 2649 1108 2712 praefuisse
1118 2647 1227 2694 videtur:

718 2738 774 2789 post
787 2728 905 2774 Philotam
919 2728 1001 2775 onmis
1013 2727 1149 2774 amicornm
1162 2725 1228 2788 eqni·

718 2815 781 2852 tatus
791 2807 817 2852 in
828 2806 887 2853 duas
898 2808 1051 2854 chiliarchias
1061 2805 1225 2862 dividebatur,

718 2900 821 2946 quarum
832 2885 930 2932 alteram
941 2885 1100 2949 Hephaestion
1111 2883 1226 2939 ducebat,

718 2964 816 3012 alteram
832 2965 916 3012 Clitus.
933 2966 958 3010 Si
972 2965 1009 3023 ei,
1023 2981 1096 3027 quem
1112 2963 1226 3011 hocloco

717 3042 815 3089 Curtius
833 3043 954 3105 sequitur,
973 3040 1035 3089 fides
1048 3054 1096 3100 est,
1111 3042 1153 3089 illo
1168 3052 1225 3088 tem-

717 3137 779 3183 pore
799 3121 959 3183 Hephaestion
981 3121 1094 3168 nondum
1117 3119 1225 3184 corporis

717 3201 861 3249 custodibus
881 3202 981 3260 majoris
999 3201 1124 3264 dignitatis
1138 3199 1225 3247 adscri-

718 3291 774 3343 ptus
799 3290 856 3328 erat.
884 3281 981 3328 Cratero
1004 3281 1105 3343 parebat
1128 3277 1226 3342 aliquod

717 3374 805 3422 agmen
813 3354 862 3407 reis
870 3347 1029 3425 πεζψιῖραν,
1041 3359 1104 3406 sieut
1112 3370 1135 3405 et
1146 3359 1224 3406 Cerno.

716 3437 809 3501 Eryffio
821 3439 914 3500 equites
930 3438 1082 3486 mercenarii.
1099 3436 1226 3485 Perdiccas

715 3517 745 3563 in
760 3517 849 3579 psallis
866 3518 991 3581 prioribus
1011 3519 1139 3580 praeluerat
1155 3515 1226 3563 alicui

716 3595 826 3658 peditum
837 3597 971 3643 amicorum
983 3595 1072 3660 agmini
1081 3613 1088 3653 ;
1098 3612 1161 3657 quos
1169 3608 1225 3640 vero

715 3673 852 3722 Leonnatus
878 3676 993 3732 duxerit,
1018 3691 1070 3721 non
1095 3674 1226 3721 invenitur.

717 3753 825 3816 Uterque
844 3765 895 3800 erat
914 3771 945 3801 ex
957 3755 1068 3817 corporis
1082 3753 1224 3801 custodibus

717 3834 815 3891 majoris
826 3832 956 3894 dignitatis.
968 3835 1012 3880 His
1022 3835 1155 3892 omnibus,
1166 3848 1225 3896 prae·

716 3919 801 3957 tersus
808 3912 911 3974 agmina,
917 3913 1040 3959 interdum
1050 3913 1121 3959 etiam
1130 3926 1225 3975 magnas

715 3991 836 4037 exereitus
845 4001 926 4053 partes
935 3992 1036 4037 seorsim
1046 3991 1172 4039 ducendas
1179 4001 1224 4038 tra·

715 4066 778 4115 ditas
797 4056 862 4127 esse,
881 4069 912 4116 ab
925 4069 1049 4118 historicis
1063 4071 1175 4119 traditur.
1194 4072 1222 4116 ln
