2662 4836
463 374 623 439 LIBER
658 373 723 436 vt.
1082 368 1124 445 43

57 510 167 584 rupes
195 503 292 574 erat,
318 487 490 559 arborum
518 502 665 558 truncos
690 501 726 557 et
754 477 837 555 seira
859 482 1124 566 obmoliuntur3

57 619 123 665 xtn
141 597 255 668 millia
272 612 408 669 armata
423 612 538 668 erant.
557 602 601 667 ln
618 597 751 667 horum
768 593 956 666 obsidione
977 596 1125 663 Cratero
1134 593 1167 640 ’ὅ

55 705 205 795 relicte,
224 709 301 806 ipse
317 708 581 781 Satibarzanem
597 709 701 805 sequi
715 705 870 778 festinat.
888 705 1031 803 Et'quia
1048 702 1124 773 lon·

56 816 135 911 gius
160 843 245 889 eum
271 819 395 891 abesse
423 833 660 916 cognoverat,
686 816 732 886 ad
758 814 1014 914 expugnandos
1041 837 1125 896 eos,

57 927 122 1020 qui
147 927 242 998 edita
274 930 454 999 montium
483 942 766 1025 occupaverant,
794 926 899 998 redit.
928 930 978 996 Ac
1005 923 1124 1022 primo
1135 926 1168 976 2⁰

56 1038 246 1134 repurgari
257 1037 378 1133 jubet,
395 1037 572 1136 quidquid
588 1036 725 1134 ingredi
740 1051 910 1133 possent:
924 1033 1070 1118 deinde,
1084 1046 1126 1100 ut

57 1144 299 1216 occurrebant
316 1147 427 1216 inviae
450 1161 547 1216 cotes
568 1160 831 1243 praeruptaeque
851 1168 974 1242 rupes,
1001 1143 1124 1212 irritus

57 1252 389 1343 labor'videbatur‚
409 1256 575 1327 obstante
594 1269 732 1325 natura.
757 1254 840 1339 Ille,
860 1269 901 1323 ut
920 1266 995 1322 erat
1016 1250 1125 1324 animi
1137 1281 1167 1324 ιι

59 1386 205 1461 semper
222 1364 439 1436 obluctantis
457 1362 750 1451 difficultatibus,
773 1387 887 1459 quum
907 1376 943 1432 et
959 1358 1126 1459 progredi

58 1472 234 1555 arduum,
254 1490 290 1546 et
303 1476 435 1546 reverti
449 1473 693 1573 periculosum
709 1487 820 1558 esset,
842 1469 1007 1542 versabat
1025 1495 1062 1540 se
1080 1468 1124 1538 ad

60 1607 188 1654 omnes
204 1586 452 1710 cogitationes,
472 1583 569 1655 aliud
587 1598 696 1680 atquc
714 1582 831 1671 aliud,
854 1584 903 1654 ita
921 1598 961 1653 ut
977 1581 1058 1652 fieri
1073 1604 1125 1650 so·

59 1693 125 1779 let,
145 1694 210 1765 ubi
206 1696 339 1800 prima
352 1720 504 1820 quaeque
519 1696 730 1766 damnamus
740 1692 977 1789 ,subjiciente
991 1689 1123 1761 animo.

60 1791 264 1891 Haesitariti,
287 1807 384 1903 quod
406 1807 498 1877 ratio
519 1800 1125 1901 nonpotuit,fort11naconsilium

60 1913 354 1986 subministravit.
378 1914 584 1986 Vehemens
604 1912 769 1984 favonius
795 1928 891 2000 erat,
918 1928 953 1982 et
974 1911 1125 1982 multam
1139 1930 1171 1972 ιι

44 2025 247 2095 ‚materiam
268 2025 445 2096 ceciderat
468 2024 590 2110 miles,
615 2022 753 2092 aditum
773 2046 839 2121 per
856 2044 938 2092 saxa
958 2020 1126 2108 molitus,

59 2132 137 2204 haec
154 2157 290 2229 vapore
310 2134 447 2204 torrida
465 2137 658 2204 inaruerat.
679 2136 773 2227 Ergo
789 2133 907 2229 aggeri
922 2131 1006 2200 alias
1023 2129 1127 2201 arbo·
1140 2167 1173 2212 ιι,

97 2295 140 2343 25.
160 2294 191 2340 In
210 2291 292 2341 ionem
308 2292 439 2341 obsidione.
459 2295 529 2343 Alii:
548 2293 573 2342 ιἰι
618 2294 708 2355 celsas,
726 2296 761 2354 si,
780 2306 808 2345 nt
827 2296 890 2342 infra
909 2295 987 2354 dixit,
1007 2296 1130 2360 stipitibus

62 2369 161 2440 quorum
169 2371 471 2422 obsidionem—Omne
481 2373 571 2425 relico.
598 2430 600 2434 y
618 2374 746 2422 cumulatis
764 2375 885 2438 fastigium
903 2375 995 2423 montis
1009 2384 1129 2438 arquatum

62 2455 141 2518 Supra
154 2454 304 2501 exArriano
319 2454 476 2513 monuimus,
489 2455 573 2503 Crate-
619 2465 662 2502 est.
682 2453 730 2501 Sed
748 2454 800 2502 brec
820 2468 874 2501 non
892 2454 945 2500 sine
963 2455 1046 2501 auxesi
1064 2454 1129 2502 dicta

61 2549 133 2601 rum,
151 2543 180 2580 nt
197 2549 254 2582 cum
271 2533 377 2598 graviori
394 2534 505 2581 exercitu
519 2534 575 2581 Ale·
618 2542 683 2581 sunt.
695 2533 721 2580 Si
730 2532 828 2580 flamma
842 2533 944 2580 excitata
960 2533 992 2579 ad
1006 2533 1128 2598 fastigium

60 2605 186 2660 xsndrum
197 2629 357 2677 praegressum
371 2622 519 2676 sequeretur,
533 2629 572 2659 re·
619 2613 781 2677 pertingeret,
796 2612 853 2660 satis
864 2622 923 2659 erat.

60 2690 242 2746 lietumfuisse.
253 2692 342 2751 Nunc,
354 2689 523 2739 Alexandrum
534 2708 573 2739 as
656 2692 698 2739 28.
711 2690 842 2739 succinus
855 2694 910 2741 Jam
920 2692 962 2739 lue
972 2701 1060 2740 ventus
1069 2708 1129 2756 pro

63 2781 200 2841 sequutus,
221 2769 319 2833 obsidet
339 2780 487 2834 preruptam
510 2769 576 2817 illam
619 2769 674 2829 bat,
682 2770 852 2817 Alexandrum
866 2787 893 2818 ea
903 2781 971 2846 parte
982 2771 1129 2830 ascendisse

63 2859 166 2914 petram.
179 2849 262 2896 Paullo
276 2859 346 2912 post,
359 2847 438 2912 §33
447 2849 514 2896 idem
525 2850 574 2896 Ar·
619 2864 750 2911 quamons
765 2849 916 2898 occidentem
931 2850 1068 2915 spectabat,
1086 2868 1130 2915 per

63 2938 187 2975 mesenam
195 2921 309 2974 obsidere
322 2939 441 2975 narratur.
451 2928 574 2974 Ponamus
617 2932 692 2990 rupes
699 2939 723 2975 et
731 2945 796 2976 saxa
801 2925 1132 2987 Utebaturoceesionedata,

62 3006 146 3070 igitur,
160 3006 286 3055 Craterum
303 3008 373 3070 prius
391 3006 515 3055 obsedisse
529 3022 574 3068 pe·
619 3022 694 3069 quum
706 3019 794 3056 ventus
805 3010 889 3072 ignem
903 3019 927 3055 et
937 3009 1052 3056 fumum'
1044 3025 1071 3055 ιιι
1085 3009 1129 3056 ob-

57 3094 126 3132 'uam
134 3086 141 3142 ς
150 3094 217 3144 tum,
227 3095 284 3148 post
294 3085 399 3132 reditum
409 3085 484 3148 regis,
493 3084 575 3131 dimis-
618 3101 697 3134 sessos
709 3080 803 3135 laturus
816 3099 886 3135 esset.
894 3115 928 3124 -
936 3089 1074 3135 Inamerat.
1086 3089 1130 3134 Se·

63 3180 119 3212 sum
130 3180 182 3226 esse
193 3163 224 3210 ad
230 3165 390 3218 Artacacnam
397 3180 495 3227 quoque
505 3163 573 3210 obsi·
618 3165 696 3213 bisius
709 3166 814 3214 malebat
826 3165 963 3222 inarserat;
976 3182 1021 3212 nee
1035 3167 1130 3229 impro-

64 3242 180 3290 dendam.
187 3243 349 3290 Festinatione
356 3231 435 3291 Curtii
441 3253 486 3303 ,ut
492 3242 572 3301 vides,
617 3244 660 3292 bat
669 3244 862 3305 Freinshemius,
874 3244 917 3291 sed
926 3245 956 3291 de
965 3245 1005 3292 his
1014 3246 1132 3293 omnibns

63 3320 152 3371 harum
161 3336 244 3368 rerum
250 3321 382 3385 descriptio
390 3318 519 3368 obscurior
528 3330 576 3382 est,
620 3323 712 3386 optime
721 3323 869 3370 Schellerus':
878 3346 889 3364 ιι
895 3324 953 3370 Nou
961 3323 1085 3385 dubitem,
1095 3326 1131 3372 in-

64 3414 111 3447 nee
123 3409 204 3463 potest
217 3415 249 3446 ex
265 3399 317 3447 aliis
335 3398 508 3464 scriptoribus,
525 3400 576 3447 baec
619 3403 686 3464 quit,
705 3403 838 3465 quiricum
855 3402 948 3449 Sebisio
964 3402 1086 3450 inarserat
1101 3405 1132 3450 sit

64 3476 161 3538 omnis,
174 3489 289 3545 tanquam
299 3479 407 3539 leviora,
420 3478 493 3526 citata'
502 3483 576 3527 manu
611 3480 765 3545 legendum,
780 3481 824 3528 sed
837 3481 929 3540 obstat,
941 3481 1008 3545 qnod
1018 3493 1074 3529 ncnc
1086 3482 1131 3532 de-

63 3558 263 3620 nauseantibus,
275 3558 398 3606 illustrari.
505 3568 509 3587 ³
621 3575 702 3621 mum,
722 3576 799 3624 quum
812 3561 907 3624 stipites
920 3561 1051 3620 cumulati,
1068 3561 1131 3626 ignis

101 3639 143 3686 ιθ
154 3636 279 3702 Qudquid
288 3634 385 3701 ingredi
387 3647 496 3700 possent
504 3638 574 3698 Quo·
611 3638 717 3705 injectus
735 3639 842 3700 dicatur,
861 3640 929 3704 quod
950 3641 1132 3689 Freinshemius

63 3731 141 3778 usqne
150 3726 265 3780 caparte
277 3733 324 3778 qua
332 3732 405 3780 rupes
413 3725 476 3776 erat
489 3732 574 3764 ascen·
617 3719 725 3767 ιιοιιιιῑ
718 3734 816 3784 neque
819 3720 911 3768 debuit
919 3720 1130 3768 abhacsenteutm

52 3790 122 3845 'dere
135 3809 251 3863 possent,
268 3808 361 3846 saxaet
373 3798 494 3846 arborum
504 3786 574 3846 tru'ti-
619 3794 998 3863 (bscedereptoptersuperiora,
1000 3799 1133 3864 jrsbetdari

63 3893 106 3926 cos
123 3879 246 3925 removeri
265 3878 341 3937 jubet.
358 3878 461 3942 Oportet
474 3893 532 3925 vero
551 3888 575 3926 et
619 3877 810 3942 igninlimenta,
829 3894 886 3926 non
896 3879 962 3925 euim
977 3893 1035 3925 eum
1049 3880 1131 3942 ignem

63 3956 155 4011 milites
176 3958 233 4004 satis
252 3957 325 4004 alte'
316 3974 345 4005 ιιι
363 3967 473 4023 montem
492 3972 575 4005 ascen·
606 3949 858 4021 inteiligit-Crimina,
874 3957 918 4020 qni
935 3966 988 4002 tum
1001 3955 1134 4021 flagrabat,

63 4030 229 4101 disse,·t'1uum
243 4036 274 4083 ad
284 4050 357 4100 rupes
370 4036 449 4084 invias
459 4034 574 4100 perveni·
617 4036 661 4084 sed
677 4037 721 4100 qui
734 4030 886 4100 paullo'post
894 4044 946 4082 erat
954 4026 1064 4084 futurus:
1075 4052 1133 4084 con-

63 4126 131 4176 tent,
149 4117 252 4183 etipsas
264 4131 338 4187 rupes
354 4103 498 4164 uon'fnisse
512 4123 574 4184 prat-
618 4116 748 4178 silinmque
765 4114 900 4166 Alexandri
919 4123 1005 4162 natum
1026 4130 1080 4167 non
1098 4130 1132 4168 er
