2662 4836
467 358 630 422 LIBER
664 359 725 422 Vl.
1090 381 1127 422 ar

63 491 138 560 que
153 470 284 560 vellet,
304 470 472 558 duceret,
490 473 604 542 oratio
624 486 773 570 excepta
794 486 864 560 est;
883 495 953 542 nec
971 495 1035 542 rex
1053 495 1129 541 mo·
1155 491 1171 522 ²

62 591 163 679 ratus
179 582 373 679 impetum,
389 584 569 678 tertioque
582 605 648 678 per
660 582 878 653 Parthienen
888 582 963 668 die,
980 580 1131 653 adfines

63 687 254 780 Hyrcania
280 705 468 788 penetrat;
497 695 646 762 Cratero
671 692 797 762 relicto
823 715 905 761 cum
932 692 974 761 iis
999 691 1131 789 copiis,

62 797 198 890 quibus
220 818 388 898 praeerat,
415 816 451 874 et
474 828 516 873 ea
540 828 671 890 manu,
696 829 806 901 qnam
829 811 1003 902 Amyntas
1025 804 1131 874 duce-

61 902 144 994 bat,
165 906 293 981 additis
308 913 485 983 sexcentis
500 913 684 1009 equitibus
704 927 740 985 et
754 913 906 984 totidem
924 912 1129 1010 sagittariis,

63 1033 107 1088 ut
135 1021 180 1093 ab
206 1025 413 1096 incursione
442 1024 680 1097 barbarorum
708 1025 927 1096 Parthienen
954 1039 1129 1095 tueretur.

63 1130 251 1227 Erigyium
273 1133 551 1231 impedimenta,
575 1135 720 1205 modico
736 1135 900 1231 praesidio
917 1133 1019 1220 dato,
1038 1157 1132 1204 cam·
1158 1144 1172 1190 3

63 1242 178 1334 pestri
204 1242 335 1314 itinere
366 1244 498 1315 ducere
522 1245 637 1341 jubet.
669 1249 751 1340 Ipse
782 1267 864 1314 cum
891 1243 1068 1341 phalange
1097 1257 1133 1314 et

63 1351 230 1446 equitatu
246 1377 287 1423 cr.
302 1353 413 1424 stadia
427 1379 610 1439 emensus,
630 1367 744 1423 castra
763 1354 801 1422 in
819 1352 931 1437 valle,
949 1377 1021 1448 qna
1039 1357 1132 1448 Hyr·

65 1460 206 1552 caniam
222 1461 377 1550 adeunt,
393 1464 606 1534 communit.
621 1466 757 1536 Nemus
773 1461 925 1558 praealtis
940 1459 1132 1556 densisque

64 1570 259 1642 arboribus
274 1572 485 1644 umbrosum
501 1587 574 1658 est,
591 1572 725 1668 pingue
741 1571 842 1641 vallis
856 1570 973 1640 solum
988 1569 1134 1666 riganti·

63 1676 134 1748 bus
154 1680 277 1775 aquis,
300 1705 378 1777 quae
402 1707 445 1751 ex
468 1681 580 1778 petris
602 1678 872 1750 imminentibus
897 1692 1056 1748 manant.
1080 1683 1133 1748 Ex
1160 1698 1176 1746 t

64 1788 154 1884 ipsis
178 1789 359 1861 radicibus
382 1793 562 1861 montium
587 1789 747 1862 Zioberis
772 1791 887 1860 amnis
912 1787 1132 1876 effunditur,

64 1967 150 2006 tamen
163 1970 241 2020 recte,
254 1963 356 2025 opinor,
370 1963 446 2026 magis
459 1963 578 2027 probatur
622 1972 651 2010 tae
668 1962 824 2021 chiliarchis,
843 1973 945 2027 utraque
961 1979 992 2010 ex
1007 1959 1133 2026 peditibus

64 2038 172 2102 vulgata.
181 2040 245 2086 Nam
256 2042 355 2089 exlocis
364 2042 491 2107 adscriptis
498 2042 578 2090 subire
621 2042 770 2101 amicorum,
790 2042 880 2089 additis
898 2042 952 2089 aliis
969 2042 1067 2105 paucis,
1087 2054 1132 2102 per

62 2133 119 2165 non
126 2119 270 2183 simpliciter
280 2131 304 2168 et
311 2121 421 2169 absolute
431 2139 478 2186 pro
486 2137 578 2186 mpon-
621 2131 717 2168 montes
727 2123 894 2185 Tapurorum,
902 2137 950 2184 qna
958 2121 997 2168 via
1006 2120 1084 2168 Graeci
1094 2119 1133 2166 fu·

63 2197 126 2245 dere
138 2198 251 2247 adhiberi
261 2201 338 2248 vides.
621 2201 684 2263 gissa
692 2201 848 2260 dicebantur,
860 2201 888 2247 in
896 2201 1044 2265 Hyrcaniam
1053 2199 1133 2257 misit,

104 2293 130 2324 a.
142 2277 267 2341 Tertioque
279 2279 326 2329 die.
339 2280 365 2328 Si
376 2280 478 2330 Diodor.
487 2280 578 2339 xvh,
621 2288 649 2325 ut
658 2289 682 2325 et
687 2280 785 2327 Graecos
791 2290 985 2343 persequeretur,
993 2289 1016 2327 et
1022 2281 1134 2343 'l'apuros

67 2358 102 2411 75
108 2392 115 2416 ‚
126 2358 247 2420 sequeris,
258 2359 405 2420 Alexander,
414 2370 469 2424 post
477 2359 578 2406 Darium
622 2356 756 2420 subigeret,
766 2374 779 2404 a
788 2374 893 2421 quorum
902 2358 1087 2406 incursionibus
1099 2358 1133 2406 sic

63 2445 180 2499 captum,
202 2437 278 2484 tridui
299 2438 385 2486 itinere
406 2440 482 2494 facto,
500 2439 578 2484 Heca·
621 2435 695 2482 stiam
717 2436 846 2484 Parthicae
870 2436 1053 2484 delendi-batur.
1080 2437 1132 2483 Eri-

64 2516 199 2580 tompylon
219 2516 302 2576 venit,
323 2529 347 2565 et
365 2517 424 2564 inde
443 2517 481 2565 CL
502 2516 578 2563 stadia
622 2515 707 2578 gyium
728 2532 784 2563 cum
806 2515 987 2579 impedimentis
1010 2531 1062 2563 non
1082 2525 1132 2562 tam

64 2611 194 2657 emensus,
208 2596 239 2643 ad
248 2595 310 2643 fines
319 2596 454 2661 Hyrcaniae.
468 2595 532 2642 Vide
546 2595 578 2642 ad
622 2594 752 2656 campestri
760 2593 858 2658 itinere,
868 2611 925 2642 nam
934 2605 958 2641 et
967 2594 1027 2641 huie
1036 2605 1132 2641 montes

64 2675 103 2722 vl
114 2710 121 2734 ‚
133 2691 164 2733 2,
179 2675 218 2722 15.
236 2675 285 2722 Sita
300 2686 335 2722 est
347 2674 470 2740 Hyrcania
488 2672 521 2720 ad
536 2675 578 2721 lae·
622 2674 765 2720 transeundi
774 2684 856 2733 erant,
866 2674 909 2721 sed
918 2660 961 2730 ‘etis
971 2661 1092 2741 λεαφὸροι
1103 2688 1131 2722 τι

62 2754 173 2801 vamviae
180 2753 354 2819 publicae,quae
360 2752 578 2819 (perParthyaeam)
622 2740 829 2822 salptaexpo'lipst
843 2745 961 2814 tiytieSau
979 2753 1065 2814 jussit,
1082 2753 1132 2800 hoc

65 2832 153 2879 Bactra
160 2848 244 2880 versus
253 2832 333 2891 ducit,
347 2845 371 2880 et
381 2833 411 2880 ab
422 2848 472 2882 una
478 2833 578 2896 quidem
623 2842 659 2879 est
668 2868 675 2891 ,
685 2832 724 2879 via
736 2832 847 2896 publica,
861 2848 936 2895 eaque
945 2833 1066 2897 longiore.
1075 2834 1133 2895 Ipse

65 2920 153 2975 parte,
166 2927 213 2973 qua
226 2912 352 2960 meridiem
366 2922 469 2976 spectat,
485 2912 577 2960 monti·
622 2927 667 2959 rex
686 2927 742 2957 cum
760 2910 872 2974 plurimis
894 2910 1132 2975 expeditissimisque

66 2989 117 3037 bus
130 2990 190 3038 silva
203 2990 306 3038 obtectis
318 3008 345 3039 ac
359 2991 428 3039 celsis
439 3001 577 3049 coercetur3
621 2991 660 3038 via
673 2989 815 3037 brevissima
826 2988 1017 3053 difficillimeque
1029 2999 1131 3037 conten·

67 3067 99 3116 ab
111 3069 199 3130 altera,
212 3086 265 3133 quae
277 3071 304 3116 in
316 3071 514 3135 septemtrionem
523 3086 577 3117 ver·
622 3067 709 3128 debat,
723 3070 821 3118 Arrian.
833 3072 886 3130 111,
898 3071 946 3129 ai,
959 3071 984 3117 6.

66 3148 117 3212 git,
132 3165 231 3214 campus
250 3151 303 3210 ejus
321 3159 401 3212 patet,
417 3151 445 3195 in
462 3164 578 3213 magnum
658 3149 681 3197 3.
695 3147 822 3197 CLstadia
831 3164 947 3197 emensus.
959 3149 999 3195 Ab
1008 3147 1070 3197 urbe
1080 3149 1131 3197 He·

66 3227 136 3290 quod
149 3227 200 3275 illic
213 3238 250 3276 est
263 3245 337 3275 mare.
350 3229 448 3276 Arrian.
461 3231 514 3288 111,
529 3230 577 3287 23,
621 3227 768 3291 catompylo.

67 3322 92 3355 2.
106 3332 142 3342 —
152 3306 250 3355 Cratero
259 3306 349 3356 relicto.
363 3308 422 3354 Non
433 3305 530 3355 relictus
543 3319 578 3356 est
658 3316 682 3364 4.
695 3308 737 3354 Ex
749 3306 807 3370 ipsis
821 3306 942 3353 radicibus
953 3306 1077 3354 ruentium.
1093 3309 1131 3356 Ex

66 3385 578 3449 Craterus‚sedalia,quamipserex,via,
622 3398 692 3436 antro
714 3389 743 3436 in
764 3387 887 3436 radicibus
907 3389 1024 3452 proecelsae
1041 3398 1131 3452 petrae,

67 3475 166 3512 montes
174 3465 301 3523 transivit,
311 3466 378 3528 quod
388 3465 450 3513 adeo
457 3465 510 3530 ipse
518 3467 578 3515 Cur·
622 3468 756 3517 Diodorus.
768 3471 799 3514 In
808 3468 970 3517 describendo
976 3468 1085 3517 fluminis
1094 3470 1133 3518 in·

67 3543 118 3591 tius
126 3543 191 3590 infra
201 3543 229 3590 in
239 3542 255 3608 S
265 3544 312 3604 23,
320 3554 426 3591 testatur.
437 3544 580 3593 Alexander
624 3549 697 3613 genio
711 3547 808 3596 Curtius
823 3547 947 3613 eopiosior
963 3559 1005 3595 est·
1011 3548 1131 3597 Diodoro.

67 3623 218 3686 Hyrcaniam
233 3622 265 3670 ob
277 3639 330 3670 eam
342 3624 497 3687 potissimum
511 3640 579 3672 caus-
624 3633 655 3677 In
671 3627 750 3675 tribua
767 3626 845 3676 Codd.
865 3637 889 3674 et
906 3628 934 3675 in
946 3627 1037 3676 nostris
1055 3630 1133 3693 Regg.

66 3717 134 3761 um,
143 3703 212 3765 qnod
221 3703 299 3750 Graeci
306 3720 351 3766 per
360 3714 455 3753 montes
465 3706 580 3753 interme·
623 3716 723 3755 vocatur
731 3705 833 3753 Ziobetis
837 3722 848 3762 ,·
858 3707 924 3770 apud
931 3707 1070 3754 Diodorum
1079 3711 1135 3774 275-

67 3781 125 3828 dios
141 3781 265 3846 fugerant,
282 3783 416 3845 petiturus,
434 3801 485 3847 qno
499 3786 580 3833 minus
625 3775 712 3851 Cetius,
724 3771 951 3851 piyaesfaro'laepeis,
965 3787 1034 3847 cujus
1043 3786 1070 3833 in
1079 3788 1133 3839 aliis

67 3859 149 3908 Graeci
159 3861 306 3924 effugerent,
315 3863 448 3910 exercitum
458 3863 580 3928 tripartito
624 3865 784 3928 scriptoribus
792 3881 844 3913 non
851 3875 929 3915 exstat
937 3866 1061 3913 memoria.
1073 3868 1132 3917 ilti-

67 3938 151 3987 duxit.
161 3939 287 3988 Craterum
298 3957 352 3988 cum
364 3939 392 3988 iis
402 3940 485 4005 copiis,
495 3943 580 4007 quibus
624 3947 688 4010 dagi
694 3957 782 4010 praeter
789 3946 900 3995 Curtium
908 3962 939 3993 ne
944 3946 1072 3994 Diodorus
1081 3949 1135 4010 qui·

62 4030 185 4084 praerat,
194 4020 220 4069 h.
226 4037 248 4069 e.
256 4037 298 4068 sua
306 4022 455 4082 chiliarchis,
464 4033 489 4070 et
494 4039 524 4070 ea
530 4039 582 4071 mo·
625 4026 683 4074 dem
691 4025 842 4073 attentionem
851 4024 913 4071 fecit.
925 4024 967 4072 Est
975 4026 1135 4073 sortasse'ma-

68 4102 583 4170 nu,quamAmymasdaeetae,h.e.Amyu-
623 4101 1136 4167 jorlluvins‚quiinmontibuaepluribus
