2662 4836
139 405 143 410 ,
467 336 630 402 mann
663 336 726 399 vt.
1110 356 1131 419 9

59 450 224 538 animus,-
249 451 459 523 militarium
481 475 605 522 rerum
626 471 736 546 quam
759 449 891 546 quietis
912 448 1049 544 otiique
1069 445 1130 544 pa·

59 559 234 647 tientior,
266 586 441 658 excepere
465 586 549 632 eum
572 561 803 657 voluptates:
831 573 868 630 et
895 582 1006 655 quem
1034 581 1134 628 arma

61 671 253 740 Persarum
270 696 346 742 non
361 670 562 768 fregerant,
580 672 667 740 vitia
679 671 861 757 vicerunt3
883 668 1135 766 intempestiva
1160 687 1174 716 ²

61 782 252 868 convivia,
275 799 312 855 et
335 783 553 882 perpotandi
573 782 882 880 pervigilandique
907 783 1031 852 insana
1055 779 1133 851 dul·

62 889 170 977 cedo,
187 893 353 990 ludique,
367 908 404 965 et
417 918 540 990 greges
553 893 741 991 pellicum,
755 893 877 962 omnia
890 893 928 961 in
942 907 1134 964 externum

63 998 163 1097 lapsa
181 1001 293 1101 [sunt]
310 1029 473 1091 morem3
494 1028 611 1102 quem*
623 1003 808 1106 aemulatus
831 1003 933 1100 quasi
957 1003 1136 1100 potiorem

63 1134 150 1199 suo,
170 1114 220 1184 ita
238 1115 472 1212 popularium
490 1115 631 1186 animos
650 1114 846 1210 oculosque
866 1114 1002 1209 pariter
1017 1109 1135 1183 ofsen-

63 1217 139 1308 dit,
168 1237 211 1292 ut
234 1247 255 1292 a
274 1223 458 1322 plerisque
483 1224 682 1294 amicorum
706 1244 774 1318 pro
798 1220 903 1309 hoste
925 1219 1133 1325 haberetur.

105 1461 127 1492 1.
141 1445 209 1494 Vitia
218 1446 343 1506 nicenam,
354 1449 414 1498 Non
426 1449 523 1509 subito,
537 1448 581 1496 sed

66 1525 201 1589 paullatim.

105 1621 128 1651 a.
143 1605 313 1671 Intempestive
326 1605 443 1656 convivia.
462 1606 536 1655 Nulla
554 1606 582 1653 in

66 1693 178 1730 veterum
195 1684 267 1732 libris
286 1684 450 1749 intempestiva
469 1686 582 1734 convivia

67 1772 177 1823 exstare,
186 1765 236 1812 nisi
244 1765 308 1812 vitio
313 1765 484 1825 librariorum,
492 1776 517 1813 et
525 1766 582 1814 uhi·

67 1859 117 1904 que
129 1843 268 1907 tempestiva
277 1845 408 1908 legendum
420 1862 483 1906 esse,
492 1846 583 1893 Salma-

67 1921 119 1970 sius
136 1923 167 1970 ad
184 1923 288 1986 Vopisci
304 1924 409 1972 Florian.
429 1935 490 1974 extr.
509 1941 583 1989 argu·

69 2001 161 2048 mentis
182 2001 287 2065 probet,
317 2003 504 2066 suffragantibus
531 2020 583 2051 non

70 2077 178 2147 mineris
188 2081 339 2128 auctoritatis
346 2081 406 2128 viris
414 2083 543 2130 Gronovio
553 2082 582 2130 ad

70 2158 178 2218 Quintil.
188 2161 295 2208 Declam.
302 2161 402 2220 CCLX,
413 2170 437 2208 ct
444 2162 541 2209 Graevic
553 2161 583 2208 ad

70 2237 172 2287 Sueten.
181 2239 255 2304 Calig.
262 2256 283 2288 c.
294 2240 495 2304 45.Tempestiva
505 2241 584 2302 enim,

70 2315 121 2364 boc
133 2327 188 2377 est,
201 2318 327 2366 demedio
337 2319 377 2367 die
390 2319 466 2380 inita,
479 2319 507 2367 in
518 2320 584 2368 vitiis

71 2397 151 2459 posita
165 2408 248 2458 erant,
262 2408 290 2445 ut
304 2414 367 2461 opus
382 2414 434 2446 nou
448 2400 480 2446 sit
494 2399 584 2446 intem·

71 2475 166 2538 pestiva
182 2477 232 2524 illis
252 2479 354 2541 opponi.
376 2477 449 2525 Adde
469 2478 535 2543 Lips.
557 2479 585 2525 in

73 2555 149 2603 Tecit.
159 2555 229 2606 Anu.
241 2558 312 2615 XIV,
322 2573 336 2603 2
350 2575 355 2604 :
371 2559 414 2620 qui
423 2574 482 2605 vero
498 2558 585 2605 intem·

68 2634 166 2697 pertica
177 2635 299 2696 admittit,
316 2635 360 2683 sed
375 2648 508 2696 nocmrna,
524 2648 586 2685 tem·

67 2713 177 2776 pesticis,
186 2731 334 2778 quamquam
342 2716 449 2776 diurnis,
457 2719 584 2781 opposita:

72 2791 114 2840 cui
122 2803 208 2842 noster
219 2793 299 2841 obstat
308 2795 370 2843 infra
375 2831 382 2856 ‚
391 2797 524 2858 conviviis,
535 2797 586 2845 sive

74 2873 227 2935 tempestivis
241 2872 320 2936 legas,
332 2874 383 2920 sive
393 2875 586 2939 intempestivis,

74 2950 126 2999 dies
149 2962 277 3017 noctesque
301 2966 457 3019 consumptas
481 2957 588 3004 tradens.

75 3029 246 3079 Freinshemio
262 3041 320 3078 snut
336 3032 520 3096 intempestiva,
534 3051 589 3097 quse

76 3109 231 3172 temporibus
253 3125 305 3157 uon
326 3113 493 3173 conveniunt,
517 3113 588 3160 insti·

77 3198 140 3247 tuta,
151 3189 253 3251 quaudo
262 3189 329 3237 aliud
339 3190 460 3254 agendum
469 3203 535 3239 erat:
545 3193 589 3240 sed

77 3277 101 3314 et
122 3268 172 3316 hoc
194 3268 278 3317 invitis
299 3281 373 3333 puto,
395 3287 457 3334 quos
474 3271 590 3332 laudavi,

76 3348 220 3396 triumviris.
226 3350 284 3395 Haec
292 3348 417 3399 Cellsrius.
425 3351 496 3397 Unus
504 3351 590 3399 Codex

78 3438 164 3476 nostro
174 3443 273 3490 quoque
284 3427 339 3475 loco
352 3439 375 3475 et
385 3428 402 3492 S
414 3430 441 3487 5,
452 3429 590 3494 tempestiva

79 3508 187 3556 exhibet.
202 3533 237 3543 —-
252 3507 410 3570 Perpctandt'.
430 3509 471 3557 Ad
490 3510 590 3557 multam

80 3597 177 3635 noctem
189 3596 213 3633 et
221 3602 266 3650 per
275 3595 340 3634 totos
348 3586 408 3634 dies.
416 3588 590 3638 Cod.Theocr.

76 3665 241 3731 proepotcndi.
251 3691 286 3703 -
294 3663 412 3731 Luciique.
430 3667 492 3714 Ludi
505 3669 590 3715 conri-

83 3747 152 3794 vales.
160 3745 219 3792 Vid.
230 3745 261 3792 ad
271 3745 286 3810 §
295 3747 320 3795 5.
327 3773 363 3782 —
370 3746 459 3811 Greges
464 3746 590 3811 pellicum.

83 3826 118 3872 De
128 3825 220 3889 quibus
230 3823 297 3888 apud
309 3825 440 3872 Attianum
450 3826 514 3874 nihil
521 3827 593 3884 inve-

83 3906 164 3965 uitur3
178 3919 229 3967 quo
242 3913 354 3966 auctore,
367 3905 523 3967 Alexander,
535 3918 593 3972 post

83 3983 165 4032 Asiam
178 3983 245 4032 bello
257 3993 366 4048 captam,
379 3973 432 4034 viui
441 3986 542 4050 quidem
552 3988 592 4034 in·

83 4064 593 4131 temperantissimus,Veuerisveroadmo·

625 1447 686 1498 dum
704 1457 792 1512 potens
810 1457 874 1504 erat,
894 1448 964 1507 cujus
981 1445 1030 1503 rei,
1050 1454 1137 1508 praeter

625 1529 695 1576 Darii
707 1544 812 1576 uxorem
826 1537 851 1574 et
863 1525 942 1585 illias,
955 1525 1060 1589 posteris
1074 1541 1137 1588 quo·

626 1624 674 1670 que
700 1607 854 1672 temporibus
881 1609 985 1654 Roxane
1013 1605 1137 1670 egregium

626 1688 766 1752 exemplum
775 1696 819 1734 est.
830 1686 881 1734 Alii
890 1687 1006 1750 ignavum
1017 1685 1048 1732 ad
1057 1687 1139 1730 Vene-

626 1767 756 1814 remfuisse
764 1763 1139 1829 tradiderunttexemp.c.Atlte·

626 1862 707 1904 naeus,
721 1849 761 1904 X,
776 1861 822 1904 ιο,
834 1854 859 1891 et
873 1843 1015 1892 Plutarchus
1026 1842 1139 1907 pluribus

625 1925 694 1973 locis.
708 1928 818 1973 Fuerunt
832 1940 906 1984 vero,
923 1925 966 1988 qui
980 1924 1052 1970 etiam
1068 1921 1138 1986 pelli·

627 2021 684 2052 αντ.
694 2021 792 2069 gregem
801 2014 858 2068 post
865 2005 934 2050 Darii
944 2013 1048 2051 mortem
1057 2017 1139 2049 secum

628 2084 728 2132 duxisse
745 2083 882 2143 traderent,
900 2083 962 2130 mihi
979 2099 1032 2130 nou
1051 2097 1138 2146 magna

628 2162 678 2210 lide
692 2162 769 2228 digni.
779 2163 840 2210 Vid.
851 2161 882 2210 ad
895 2178 916 2208 c.
928 2165 960 2221 6,
974 2164 998 2210 8.
1011 2189 1046 2198 -
1061 2163 1138 2225 Lapsa

629 2239 713 2310 [sunt]
732 2259 830 2292 morem.
851 2241 961 2289 Mediam
977 2257 1063 2289 vocem
1082 2256 1139 2287 cum

628 2322 701 2370 bonis
709 2323 788 2372 Codd.
798 2324 919 2387 expunxi.
926 2349 960 2359 -
970 2325 1017 2369 Pro
1023 2319 1089 2368 ltoste
1095 2319 1140 2367 lta·

629 2401 733 2451 beretur.
747 2403 782 2449 Ut
791 2403 914 2466 plerisque
922 2402 962 2449 vel
972 2401 1139 2465 praelectomm

629 2481 667 2528 vel
685 2481 852 2529 Macedonum
871 2497 973 2539 eorum,
992 2481 1035 2543 qui
1053 2471 1141 2546 dissipas

630 2559 780 2607 vocabantur
791 2560 854 2625 (vid.
865 2570 948 2608 nomm
955 2559 986 2606 ad
995 2561 1040 2617 IV,
1050 2559 1079 2605 13
1088 2592 1095 2615 ,
1107 2558 1140 2603 26

631 2650 655 2686 et
667 2640 699 2687 at
706 2638 731 2704 )‚
743 2639 859 2689 iuimicus
869 2640 1035 2689 Macedonum
1044 2637 1141 2684 videre·

630 2727 679 2776 tur,
687 2719 757 2779 cujus
766 2719 895 2768 conatibus
902 2718 1065 2767 obnitendum
1072 2725 1142 2763 esset.

631 2796 752 2860 Equidem
762 2798 931 2846 Alexandrum
941 2797 1006 2845 vitiis
1014 2798 1142 2844 Persarum

632 2877 731 2924 cessisse
742 2893 795 2924 non
806 2894 882 2942 nego,
894 2877 938 2924 sed
949 2876 970 2923 si
979 2876 1049 2935 talia,
1063 2873 1143 2938 qualia

632 2951 743 3003 hocloco
752 2955 850 3003 Curtius
861 2955 972 3018 scripsit,
983 2955 1011 3001 in
1021 2953 1143 3001 veteribus

633 3034 664 3081 de
683 3034 828 3082 Alexandro
849 3034 1025 3093 inveniuntur,
1046 3033 1091 3080 ista
1113 3047 1144 3078 ex

633 3115 775 3162 Graecorum
799 3112 1014 3175 Macedonumque
1037 3111 1145 3159 Alexan·

634 3192 706 3241 drum
726 3193 895 3240 comitantium
919 3191 1015 3255 scriptis
1035 3204 1145 3237 manasse

633 3272 789 3329 memineris,
803 3272 847 3334 qui
861 3270 924 3330 sihi,
937 3270 1002 3319 Asiae
1016 3266 1145 3317 domitori·

633 3349 695 3409 bus,
704 3349 798 3412 aliquid
806 3349 930 3413 diguitatis
940 3348 1035 3396 detrahi
1042 3347 1146 3395 arbitra·

635 3429 738 3486 bantur,
754 3429 774 3475 si
788 3445 883 3492 regem,
898 3439 926 3477 ut
939 3430 1034 3476 animos
1048 3442 1147 3491 quoque

635 3509 799 3567 Asiaticorum
816 3509 864 3557 sibi
879 3510 1033 3567 conciliaret,
1049 3523 1080 3554 ex
1092 3521 1145 3553 mc-

635 3588 704 3635 ribus
722 3604 808 3636 eorum
826 3588 920 3652 aliquid
933 3590 1055 3652 recipere,
1075 3595 1147 3648 atque

635 3682 692 3715 cum
713 3668 881 3716 Macedonicis
902 3669 1004 3716 miscere
1023 3664 1148 3713 videbant.

638 3747 698 3794 Non
704 3746 1051 3811 omnia,quaeMacedonibus
1058 3745 1086 3791 iu
1092 3760 1147 3810 rege

638 3845 683 3876 suo
704 3829 879 3893 displicebant,
900 3830 973 3877 nobis
994 3842 1094 3890 quoque
1109 3841 1148 3872 re·

636 3908 813 3972 prehendenda
836 3920 900 3957 sunt.
922 3912 981 3957 Haec
1002 3904 1146 3954 Schuicder.

636 3988 730 4036 Eodem
742 4005 815 4036 sensu
829 3989 860 4036 de
874 3987 1016 4036 Alexandro
1028 3986 1149 4060 disserue-

635 4079 673 4116 rat
681 4068 855 4117 ccleberrimus
866 4080 963 4118 nostru
970 4063 1149 4130 Montesquieu,
