2662 4836
237 357 277 398 20
555 335 598 417 Q.
630 335 818 401 oraru
848 338 974 404 nuru

233 447 359 536 urbes,
371 460 434 517 aut
443 445 719 545 Hellespontum
728 465 865 522 vastare
875 455 1087 527 nunciatum
1097 455 1167 526 erit
1176 453 1301 542 vobis,

232 584 306 656 quo
329 558 454 629 dolore
472 556 699 646 efficiemini,
719 564 865 630 Bessum
882 564 1026 659 praemia
1040 578 1172 636 'vestrae
1194 588 1299 635 occu-

231 693 333 767 passe
350 669 532 738 victoriae?
551 673 652 739 Tunc
675 670 718 739 ad
740 673 955 768 repetendas
978 698 1036 746 res
1056 673 1298 746 festinabitis:

188 790 319 850 16tunc
343 803 442 850 arma
465 779 623 876 capietis.
650 783 797 869 Quanto
822 796 943 853 autem
964 799 1108 882 praestat
1129 787 1299 857 territum

230 890 348 962 adhue
366 904 401 961 et
415 889 474 959 rix
488 890 621 959 mentis
640 913 711 960 suae
730 906 935 988 compotem
951 895 1180 991 opprimere?
1198 899 1297 986 Qua·

227 997 453 1070 triduinobis
465 998 535 1068 iter
545 1013 725 1095 superest,
739 1002 804 1096 qui
818 1015 871 1071 tot
882 1003 1168 1099 proculcavimus
1179 1006 1300 1093 nives,

227 1123 283 1181 tot
300 1133 425 1181 amnes
441 1108 704 1204 superavimus,
719 1122 773 1178 tot
789 1111 969 1181 montium
984 1114 1070 1210 juga
1083 1115 1298 1186 transcurri·

227 1243 317 1289 mus.
338 1223 420 1290 Non
443 1240 543 1287 mare
561 1215 669 1303 illud,
697 1218 796 1313 quod
819 1235 1016 1292 exaestuans
1039 1223 1108 1293 iter
1126 1222 1299 1295 fluctibus

227 1343 401 1425 occupat,
421 1341 548 1398 euntes
569 1351 636 1396 nos
658 1341 840 1415 moratur3
866 1354 942 1399 non
966 1331 1097 1402 Ciliciae
1115 1330 1237 1404 fauces
1260 1347 1300 1405 et

185 1461 213 1508 17
226 1439 395 1537 angustiae
416 1433 637 1506 includunt:
662 1435 769 1532 plana
789 1439 911 1508 omnia
934 1454 971 1511 et
994 1464 1110 1537 prona
1128 1457 1224 1512 sunt.
1250 1447 1298 1512 In

225 1552 304 1648 ipso
329 1548 453 1617 limine
480 1546 636 1615 victoriae
660 1559 815 1635 stamus3
838 1550 943 1645 pauci
968 1549 1074 1625 nobis
1096 1549 1238 1649 fugitivi
1258 1569 1298 1624 et

122 1698 125 1705 1
225 1657 363 1729 domini
377 1656 432 1726 sui
449 1650 700 1724 interfectores
716 1672 919 1753 supersunt.
936 1660 1126 1756 Egregium
1140 1685 1199 1731 me
1216 1661 1311 1733 her·.

226 1767 305 1838 cule
321 1788 435 1862 opus,
453 1777 489 1832 et
504 1762 600 1831 inter
616 1762 732 1858 prima
750 1765 869 1861 gloriae
884 1783 1010 1838 vestrae
1026 1771 1298 1842 numerandum

225 1874 426 1977 posteritati
454 1871 628 1967 famaeque
657 1872 828 1963 tradetis,
853 1878 953 1947 Darii
980 1902 1129 1977 quoque
1158 1880 1299 1971 hostis,

224 1986 330 2057 finito
346 1994 594 2080 postmortem
608 1980 685 2073 ejus
697 1980 798 2068 odio,
812 1985 1006 2081 parricidas
1016 2011 1092 2058 esse
1102 2013 1167 2058 vos
1178 1989 1297 2080 ultos,

72 2163 80 2178 ,
184 2095 408 2166 1⁸neminem
431 2091 582 2187 impium
608 2087 774 2188 effugisse
796 2117 924 2164 manus
944 2110 1089 2167 vestras.
1113 2102 1190 2170 Hoc
1213 2125 1298 2197 per·

193 2202 387 2304 “petrato,
410 2214 548 2297 quanto
562 2197 710 2271 creditis
727 2207 851 2274 Persas
873 2204 1174 2302 obsequentiores
1192 2209 1295 2297 fore,

225 2339 339 2413 quum
359 2310 606 2382 intellexerint
630 2337 694 2382 vos
714 2313 771 2409 pia
795 2312 892 2383 bella
915 2316 1114 2413 suscipere,
1136 2332 1173 2389 et
1192 2322 1296 2393 Bessi

212 2423 366 2510 sceleri,
386 2445 463 2491 non
480 2419 620 2489 nomini
636 2445 723 2508 su0,
741 2421 845 2491 irasci
856 2423 871 2491 l
882 2451 898 2486 a

201 2558 212 2592 t
272 2539 334 2607 IV.
350 2538 496 2604 Summa
505 2529 661 2599 militum
673 2528 1106 2624 alacritate,jubentium,
1119 2559 1299 2630 quocum-

262 2722 301 2768 16.
319 2715 459 2782 eratridui.
481 2714 671 2778 Hecatompylos
688 2715 734 2761 Ba-
778 2711 853 2775 Quod
862 2712 883 2758 si
891 2712 1141 2776 praeplaeet,delenda
1149 2726 1198 2776 est,
1209 2719 1295 2766 Frein-

223 2801 282 2848 ctris
296 2798 392 2855 aberat,
406 2796 426 2842 si
440 2794 521 2840 Plinio
535 2792 657 2840 credimus
666 2828 673 2851 ,
683 2795 726 2850 VI,
778 2791 873 2839 shemio
885 2802 1014 2851 monente,
1027 2809 1076 2840 vox
1081 2793 1232 2856 parricidas.

227 2880 273 2937 15,
288 2878 365 2926 stadia
380 2875 462 2932 26363
477 2873 498 2919 si
511 2872 639 2929 Straboni,
654 2872 734 2932 ⁴53⁰3
816 2873 856 2919 18,
869 2870 970 2917 Nomini
979 2888 1030 2921 suo.
1045 2873 1142 2920 Persico
1153 2877 1253 2923 nomini
1270 2885 1296 2924 et

223 2973 330 3022 quorum
344 2954 390 3002 etsi
401 2952 542 2999 alterutrum
561 2950 610 2997 falli
626 2959 734 3007 constat,
778 2949 855 3014 genti.
1110 3005 1111 3010 ¹

223 3036 311 3102 procul
331 3034 408 3082 dubio
428 3041 509 3079 tamen
531 3027 586 3093 plus
609 3028 733 3092 quatridui
817 3044 838 3074 1.
853 3026 997 3076 Iubentium.
1016 3029 1108 3076 Omnes
1125 3031 1293 3082 ferecodiees

223 3118 311 3165 itinere
333 3122 465 3178 supererat.
483 3137 518 3146 -
533 3110 616 3157 Plana
640 3107 730 3156 omnia.
776 3107 862 3171 legunt
883 3106 1049 3162 subeuntium,
1073 3108 1140 3170 quod
1161 3110 1291 3160 Gronovio

223 3196 315 3243 Omnia
333 3194 386 3241 haee
405 3192 436 3238 ad
456 3187 608 3237 excitandam
628 3187 733 3234 militum
777 3185 836 3233 Obs.
854 3188 894 3244 II,
911 3195 934 3244 4,
949 3186 1051 3234 Heinsio
1064 3197 1088 3233 et
1100 3186 1290 3254 Snakeuburgio

223 3273 339 3322 fiduciam
349 3269 474 3334 congerit,
491 3266 592 3313 minime
603 3280 662 3312 vero
672 3280 733 3311 con·
777 3265 944 3329 recipiendum
959 3265 1064 3312 videtur,
1080 3265 1204 3314 Librarius
1223 3270 1291 3316 enim

223 3363 344 3401 teutanes.
359 3350 418 3396 Non
433 3347 499 3394 enim
509 3343 655 3392 Parthorum
665 3343 732 3406 regio
777 3359 829 3392 non
838 3343 908 3390 facile
921 3342 1087 3391 difficiliorem
1097 3345 1228 3392 lectionem
1242 3363 1290 3410 pro

223 3434 254 3481 de
272 3447 321 3495 qua
336 3426 511 3492 egrediendum
530 3433 596 3483 erat,
616 3421 689 3486 plana
708 3433 732 3470 et
777 3423 930 3469 usitatissima
948 3423 1071 3487 scripsisse
1089 3433 1184 3486 putant.
1207 3425 1308 3474 Subin-

223 3512 323 3562 declivis
338 3518 389 3567 est,
403 3521 457 3569 quae
467 3514 552 3551 eontra
566 3501 691 3549 montibus
704 3519 732 3550 ac
775 3501 925 3567 orationem,
943 3503 981 3549 vel
994 3518 1139 3560 sennonem,
1158 3519 1206 3567 pro
1219 3504 1289 3551 exci-

223 3591 326 3642 dennis
341 3585 482 3635 vmtissimis
500 3593 550 3629 tota
567 3582 684 3644 cingitur,
705 3592 732 3629 ut
771 3597 832 3645 pere
846 3581 930 3628 Cicero
942 3581 1045 3629 dixitde
1056 3581 1251 3641 Divinarum,
1266 3593 1291 3631 et

223 3689 254 3720 ex
273 3670 354 3719 Plinio
375 3666 475 3727 aliisque
495 3661 625 3718 discimus,
644 3673 732 3725 praeter
776 3662 821 3723 Ep.
835 3660 866 3707 ad
879 3663 945 3708 Fam.
962 3663 1017 3718 XI,
1037 3661 1152 3726 6(qu'us
1165 3678 1226 3710 vero
1239 3662 1289 3710 loci

223 3740 730 3804 Oxumfluvium‚etc.—-Nonmareillud.
776 3740 822 3786 alia
844 3749 880 3786 est
902 3737 1054 3802 sententia),
1076 3756 1123 3802 pro
1144 3741 1298 3804 respondere.

223 3827 331 3893 Respicit
338 3826 369 3874 ad
376 3839 441 3876 mare
448 3818 631 3885 pamphylium,
641 3819 731 3883 dequo
775 3818 934 3877 Claudianus,
942 3821 978 3866 IV
987 3819 1061 3867 Cous.
1071 3821 1136 3866 lion.
1144 3842 1168 3867 α.
1176 3855 1182 3867 .
1189 3856 1196 3868 .
1204 3822 1289 3868 Dictu-

222 3909 279 3956 vide
293 3907 365 3965 adv,
378 3906 408 3961 3,
420 3919 461 3949 aa.
776 3914 831 3944 rum
846 3897 916 3960 plura
932 3909 1058 3961 parentem
1071 3901 1139 3946 Voce
1156 3898 1268 3947 subit...
1276 3920 1290 3942 s

260 4004 300 4047 17.
312 3982 391 4046 Darii.
404 3979 519 4038 Plurimi,
534 3978 598 4025 iuter
611 3993 673 4040 quos
685 3993 730 4024 no·
776 3987 800 4023 et
817 3977 892 4024 Cous.
911 3978 1003 4035 Mallia,
1020 3994 1044 4023 v.
1063 3979 1109 4037 173
1122 3994 1127 4024 :
1142 4000 1154 4018 ιι
1165 3976 1288 4025 ...uubis

221 4068 265 4117 atri
287 4058 366 4114 Codd.
388 4060 489 4109 Darium
514 4071 615 4126 qnoque*
631 4054 728 4105 hostem.
777 4056 816 4103 ifle
825 4055 966 4118 loquentem
974 4055 1288 4104 Talibus....»lleumanne

277 4305 288 4331 Ι
