2662 4836
186 313 205 375 a
506 316 549 396 Q.
583 315 773 380 curru
806 317 931 380 aurl

143 442 172 495 u
186 453 294 524 quam
310 452 399 526 quas
410 427 569 525 praefecti
584 428 713 501 modus
726 444 886 527 caperet,
900 427 1095 500 metuebat.
1107 427 1256 521 Quippe

185 538 390 611 Alexander
408 532 531 610 h'ostes
546 539 642 609 vinci
660 539 844 625 voluerat;
864 539 1093 636 Antipatrum
1110 535 1255 617 vicisse,

185 672 233 720 ne
249 650 378 718 tacitus
393 647 542 745 quidem
556 648 836 744 indignabatur:
850 674 921 719 sure
934 649 1122 744 demptum
1134 645 1256 742 gloriae

144 787 175 836 19
187 757 410 841 existimans,
431 757 610 854 quidquid
629 759 791 828 cessisset
807 757 944 827 alienae.
962 762 1091 853 Itaque
1106 753 1256 850 Antipa-

186 879 255 951 ter,
275 866 339 962 qui
354 865 469 961 probe
486 882 608 938 nosset
627 869 772 964 spiritus
786 868 878 962 ejus,
899 891 975 936 non
992 879 1045 937 est
1059 889 1165 934 ausus
1179 862 1258 957 ipse

186 997 292 1070 agere
304 974 449 1045 arbitria
461 976 632 1060 victoriae;
646 978 709 1048 sed
721 977 914 1048 concilium
928 981 1153 1062 Graecorum,
1166 969 1258 1068 quid

144 1080 268 1153 20fieri
293 1083 472 1182 placeret,
498 1086 689 1156 consuluit.
714 1091 744 1158 A
765 1112 838 1183 quo
861 1085 1139 1168 Lacedaemonii,
1164 1077 1258 1150 nihil

189 1191 288 1263 aliud
305 1219 414 1290 quam
432 1210 473 1265 ut
492 1210 656 1267 oratores
672 1197 816 1267 mittere
835 1195 879 1266 ad
898 1220 1017 1291 regem
1033 1195 1158 1265 liceret
1176 1214 1261 1287 pre-t

141 1306 146 1316 “
189 1305 275 1392 cati,
294 1307 438 1376 veniam
454 1306 683 1394 defectionis,
698 1322 829 1403 praeter
842 1320 1024 1391 auctores,
1043 1306 1262 1401 impetrave-

188 1433 286 1487 runt.
318 1418 633 1515 Megalopolitani,
662 1441 819 1515 quorum
844 1415 932 1487 urbs
959 1430 1035 1503 erat
1065 1414 1209 1511 obsessa
1238 1433 1260 1477 a

147 1552 177 1584 21
189 1525 413 1613 defectione,
434 1527 572 1596 Achaeis
595 1543 631 1596 et
654 1527 779 1597 AEtolis
805 1551 873 1596 cxx
902 1524 1037 1595 talenta
1063 1523 1149 1593 dare
1170 1520 1261 1616 jussi

189 1651 285 1705 sunt.
304 1636 370 1704 Hic
384 1633 451 1704 fuit
466 1634 583 1704 exitus
598 1633 705 1720 belli,
720 1635 817 1732 quod
834 1648 985 1732 repente
999 1647 1142 1715 ortum,
1159 1631 1265 1726 prius

189 1757 313 1814 tamen
338 1741 485 1812 finitum
511 1757 565 1812 est
577 1767 724 1838 ,quam
752 1743 902 1814 Darium
932 1739 1135 1813 Alexander
1163 1735 1264 1835 apud

191 1852 324 1924 Arbela
345 1867 541 1950 superaret.

170 1968 290 2033 xlI.
326 1962 396 2036 Sed
421 1976 462 2032 ut
488 1962 646 2058 primum
674 1963 892 2034 instantibus
921 1963 1015 2032 curis
1041 1927 1180 2032 laxatus
1207 1972 1263 2029 est

233 2147 273 2193 18.
280 2145 319 2192 Ne
326 2144 410 2192 tacitus
418 2145 515 2210 quidem
524 2145 705 2210 indignabatur.
749 2145 859 2205 suerunt,
865 2155 889 2192 et
898 2143 1117 2208 Megalopolitanos
1127 2141 1267 2189 desciscere

194 2223 233 2273 Ne
252 2224 404 2272 dissimulare
423 2225 524 2287 quidem
541 2225 622 2290 potuit
640 2225 706 2273 invi·
749 2211 860 2273 nolentes
868 2224 1018 2272 obsederunt
1024 2238 1100 2286 agro
1108 2221 1176 2270 baud
1185 2219 1268 2267 dubie

196 2302 277 2358 aliani,
292 2294 335 2349 sed
349 2301 428 2366 palam
440 2303 512 2351 enam
525 2319 635 2350 invoces
649 2319 705 2350 ern·
750 2314 842 2352 vastato
855 2314 879 2351 et
896 2303 1001 2366 direpto.
1017 2304 1065 2350 Pro
1081 2301 1170 2364 quibus
1185 2297 1264 2345 detri-

195 2381 241 2445 pit.
257 2382 328 2427 Hanc
341 2381 466 2445 Antipatri
479 2397 588 2446 pugnam
599 2398 706 2448 μυομα-
750 2379 838 2430 mensis
855 2383 896 2430 illa
912 2392 994 2429 exacta
1011 2391 1047 2428 est
1061 2379 1172 2444 pecnnia.
1185 2379 1263 2424 Lace·

197 2446 705 2525 xisti,mnriumpngnamappellavitfflPlut
751 2461 885 2510 daemonios
902 2459 979 2526 gratis
1000 2460 1034 2507 ait
1056 2460 1197 2522 impetrasse
1218 2472 1264 2503 ve·

197 2538 301 2602 Agesil„
316 2548 340 2585 et
352 2539 463 2586 Freinsh
475 2540 554 2602 suppl.
751 2541 830 2601 niam,
841 2541 951 2589 dicturus
966 2539 1115 2587 contrarium
1128 2538 1159 2586 de
1168 2537 1269 2585 ceteris

236 2633 276 2679 19.
287 2615 399 2680 Spiritus.
418 2617 457 2663 Sic
472 2617 530 2663 dedi
546 2633 560 2664 e
576 2615 666 2664 nostris
683 2627 707 2663 et
751 2623 783 2668 Iu
794 2619 884 2667 Codice
896 2619 1041 2666 liaeooreno
1055 2619 1156 2682 legitur3
1167 2613 1268 2680 precati

198 2695 279 2744 tribus
292 2695 346 2742 aliis
356 2695 435 2744 Codd.
448 2712 496 2759 pro
505 2694 624 2760 spiritum.
636 2695 707 2744 cons.
752 2713 817 2763 agre
825 2697 927 2745 veniam
939 2695 1078 2760 defectionis
1086 2730 1093 2754 ,
1098 2705 1268 2759 praeterquam

199 2774 709 2840 v,8,16;vt,2,21.-Agaraarti·
752 2779 900 2828 auctoribus.
929 2778 1013 2826 Nostri
1033 2777 1096 2824 nihil
1119 2776 1181 2823 lucis
1203 2775 1268 2822 affe·-

199 2855 249 2917 tria
261 2853 381 2901 victoria.
396 2856 450 2902 Hoc
462 2864 511 2914 est,
526 2871 577 2901 esse
590 2854 709 2902 arbitrum
754 2870 819 2906 rnna.

199 2933 307 2981 victoriae
316 2969 323 2993 ,
333 2933 384 2980 sive
393 2949 437 2981 suo
448 2932 549 2981 arbitrio
558 2933 709 2997 consilioque
790 2954 832 2985 ῃ,
842 2936 931 2985 Exitus
944 2934 1008 2984 belli.
1021 2934 1080 2982 Vid.
1091 2949 1164 2997 supra
1175 2932 1206 2979 ad
1217 2934 1264 2992 IV,

199 3013 301 3060 victoria
313 3012 358 3060 uti.
756 3033 782 3078 1,
796 3018 841 3078 38,
857 3015 901 3063 ubi
917 3030 949 3062 ex
962 3014 1075 3062 Diodoro
1090 3013 1139 3060 hoe
1150 3012 1264 3076 praelium

235 3108 276 3139 ao.
286 3090 395 3147 Precati,
405 3090 506 3138 veniam
516 3090 706 3157 defectom's,etc.
752 3112 805 3144 nou
818 3107 874 3144 ante
887 3095 931 3142 sed
943 3103 1000 3158 post
1009 3109 1117 3157 pugnam
1135 3091 1200 3154 apud
1214 3093 1265 3138 Ar.

199 3173 258 3218 Haec
277 3181 301 3218 et
318 3187 371 3234 sqq·
385 3171 413 3218 in
430 3171 509 3218 Codd·
527 3180 551 3217 et
567 3170 639 3217 edilis
654 3186 709 3218 00¹⁸·
753 3175 973 3224 belacommissum
980 3189 1032 3220 ease
1041 3172 1191 3219 monuimus.
1200 3171 1267 3218 Con·

199 3250 340 3314 ruptissims
349 3250 482 3297 multorum
489 3249 619 3296 hominum
628 3248 710 3296 docto-
753 3256 789 3302 fer
806 3254 878 3301 etiam
888 3256 953 3314 VII,
969 3261 999 3311 4,
1019 3253 1051 3299 32
1066 3261 1091 3298 et
1104 3252 1144 3312 39.
1165 3251 1230 3298 Nam
1243 3250 1266 3296 si

200 3345 257 3376 rum
274 3329 372 3391 ingenia
390 3341 559 3378 exercuerunt.
581 3328 670 3376 Tellier
686 3339 710 3376 et
753 3334 874 3397 principia
893 3332 1010 3380 tumultus
1023 3330 1265 3378 Lacedaemoniorum

191 3407 347 3467 ·Sc}ttnleder,
360 3409 450 3471 qulbus
462 3425 506 3472 ego
518 3425 615 3473 quoque
627 3424 709 3456 assen-
754 3413 908 3472 Alexandro,
922 3429 998 3475 quum
1010 3411 1101 3458 Bactris
1114 3420 1176 3457 esset
1185 3445 1192 3470 ,
1202 3425 1267 3456 uun.

201 3486 251 3546 tio,
269 3496 358 3549 putant
375 3503 433 3535 vero
454 3488 565 3551 proxime
584 3488 711 3535 accessisse
753 3492 1082 3555 ciebantur,hoeest,supra
1089 3506 1180 3538 annum
1189 3499 1212 3536 et
1220 3504 1265 3536 sex

200 3567 225 3614 J.
235 3568 273 3612 Fr.
280 3566 448 3623 Gronovium,
460 3567 504 3629 qui
511 3567 546 3613 sio
553 3564 710 3615 scribendum
754 3589 850 3620 menses
870 3582 927 3636 post
944 3572 1055 3636 praelium
1073 3569 1138 3634 apud
1157 3569 1265 3626 Arbela,

201 3644 325 3692 existimat
337 3661 342 3690 :
355 3645 463 3707 precati,
474 3644 552 3709 gratis
561 3644 661 3693 veniam
670 3646 711 3693 de·
755 3651 810 3715 quis
823 3668 880 3699 eum
892 3650 991 3698 finitum
1002 3650 1082 3697 credet
1096 3658 1150 3695 ante
1163 3647 1191 3694 id
1202 3663 1264 3710 proe·

196 3721 321 3787 fidioais,
336 3734 429 3786 prater
439 3734 555 3780 auctores,
569 3723 711 3787 impetrave-
754 3731 831 3778 lium?
838 3731 863 3779 Si
869 3729 1055 3789 Justinum,lib.
1060 3730 1123 3786 ΧΠ,
1133 3743 1143 3773 1
1153 3737 1177 3773 et
1185 3742 1264 3784 a,au·

201 3814 265 3851 runt.
287 3803 512 3868 Megalopolitanis,
537 3821 634 3869 qrwrum
658 3805 711 3852 urbs
755 3808 965 3868 dit,Alexander
978 3807 1008 3854 de
1025 3807 1148 3853 illomotu
1160 3814 1265 3862 storto,

201 3891 255 3941 erat
269 3881 378 3943 obsessa,
393 3881 533 3948 desectionis
545 3882 580 3930 rei
592 3882 678 3930 Achai
690 3895 713 3931 et
755 3897 779 3934 et
797 3888 824 3934 in
842 3889 896 3950 ipso
909 3897 966 3935 ortu
984 3900 1102 3950 oppresso
1120 3900 1173 3931 non
1187 3882 1266 3929 multo

201 3959 259 4009 litet
276 3961 346 4009 CXX
356 3962 449 4011 talenta
463 3963 523 4010 dare
534 3961 605 4028 jussi.
627 3963 712 4012 Achaei
754 3977 811 4030 post
818 3966 914 4013 obitum
925 3967 993 4013 Darii
1003 3966 1030 4013 in
1039 3963 1134 4011 Parthis
1146 3980 1178 4011 ex
1188 3962 1266 4010 literis

202 4055 289 4108 nempe
299 4052 323 4094 et
329 4041 380 4094 Elei
389 4043 514 4107 conjuranti
523 4042 711 4093 Laeedaemoniis
755 4045 880 4112 Antipatri
891 4047 981 4094 certior
993 4045 1069 4093 factus
1080 4053 1123 4090 est.
