2662 4836
483 334 643 398 LIBER
675 333 737 397 vt.
1124 333 1141 398 5

65 466 165 512 mum
185 444 304 534 loom,
324 447 456 543 inquo
474 460 567 516 stare
584 460 750 542 possent,
770 444 858 532 fuit,
874 446 986 542 eequis
1004 446 1140 518 viribus

68 551 278 626 dimicatum
293 572 358 627 est.
375 562 476 627 Inter
491 579 618 625 omnes
634 569 756 626 tamen
771 555 1060 627 Lacedaemonios
1075 583 1140 628 rex
1170 571 1184 616 3

65 662 267 750 eminebat,
282 690 360 735 non
375 687 559 736 armorum
575 664 685 734 modo
701 681 736 736 et
750 664 911 762 corporis
925 667 1060 761 specie,
1076 667 1140 738 sed
1180 672 1199 717 '-

65 771 176 840 etiarn
193 774 444 871 magnitudine
462 774 592 858 animi,
610 799 686 870 quo
705 780 781 844 uno
798 775 896 844 vinci
914 800 991 844 non
1010 777 1138 873 potuit.

66 881 239 980 Undique
254 910 354 956 nunc
367 886 554 970 cominuS,
571 909 671 954 nunc
685 886 825 956 eminus
840 884 1045 983 petebatur,
1060 888 1138 971 diu7
1168 907 1183 955 t

66 1013 141 1084 que
161 1016 260 1064 arma
280 994 559 1079 circumferens,
584 994 653 1064 alia
674 993 745 1066 tela
764 994 894 1090 clypeo
915 995 1137 1092 excipiebat,

65 1122 220 1198 corpore
248 1105 316 1176 alia
336 1104 495 1190 vitabat3
526 1102 644 1175 donec
671 1103 773 1174 hasta
799 1101 936 1174 femora
960 1104 1137 1203 perfossa,

65 1209 226 1305 plurimo
241 1218 417 1313 sanguine
432 1213 565 1299 effuso,
582 1213 777 1284 destituere
794 1228 1026 1308 pugnantem.
1044 1219 1138 1311 Ergo
1166 1230 1182 1277 ⁵

66 1319 197 1418 clypeo
217 1350 284 1395 suo
303 1340 497 1424 exceptum
518 1322 686 1420 armigeri
704 1321 836 1416 raptim
856 1321 895 1389 in
913 1337 1027 1393 castra
1044 1322 1138 1394 refe-

63 1427 210 1520 rebant,
226 1434 461 1529 jactationem
475 1433 671 1504 vulnerum
684 1431 781 1501 haud
794 1428 896 1500 facile
908 1432 1135 1502 tolerantem.

64 1541 149 1610 Non
177 1556 301 1614 tamen
328 1544 481 1614 omisere
508 1539 770 1613 Lacedaemonii
798 1562 978 1634 pugnarn,
1007 1554 1065 1625 et,
1095 1555 1136 1610 ut
1163 1560 1179 1604 s

63 1650 225 1745 primum
237 1652 309 1728 sibi
329 1677 438 1751 quam
456 1651 553 1723 hosti
571 1650 766 1746 aequiorem
785 1647 907 1718 locum
924 1672 1051 1745 capere
1069 1675 1133 1748 po·

61 1773 231 1850 tucrum,
244 1763 400 1836 densatis
412 1760 600 1833 ordinibus
613 1758 727 1830 effuse
740 1757 914 1830 liuentem
927 1760 1012 1831 inse
1023 1761 1135 1832 aciem

63 1892 250 1968 excepere.
264 1877 347 1945 Non
362 1873 459 1943 aliud
473 1870 665 1941 discrimen
675 1866 921 1938 vehementius
937 1866 1044 1939 fuisse
1060 1895 1135 1942 me·
1163 1913 1175 1958 7

62 1980 187 2050 moriae
212 1982 398 2078 proditum
426 1995 491 2052 est.
521 1983 683 2048 Duarum
709 1974 1012 2048 nobilissimarum
1036 1977 1134 2049 bello

62 2089 226 2183 gentium
243 2090 420 2161 exercitus
439 2087 518 2186 pari
532 2090 649 2156 Marte
667 2084 888 2181 pugnabant.
910 2087 1133 2158 Lacedaemo·
1161 2111 1175 2156 a
1262 2089 1271 2102 ‘

59 2197 114 2266 nii
130 2213 273 2286 vetera,
291 2199 508 2271 Macedones
524 2193 712 2294 praesentia
728 2193 859 2268 decora
872 2195 1132 2269 intuebantur:
1228 2198 1231 2203 ’

58 2407 186 2458 daem⁰¹¹li³
201 2422 226 2459 ⁶¹
238 2429 342 2461 flumem
354 2411 528 2477 P²¹²⁰l⁰flh¹¹⁸i
547 2421 571 2458 ⁰²
614 2435 678 2472 tanae
696 2424 798 2484 matris,
817 2424 883 2488 apud
900 2425 1024 2473 Plutarch.
1037 2428 1131 2474 Lacten.

56 2502 88 2534 ex
97 2487 153 2536 loco
166 2492 290 2554 superiori
304 2495 396 2554 majore
406 2493 432 2539 vi
445 2493 472 2541 in
488 2493 570 2539 Mace·
614 2503 735 2568 apophth,
746 2520 800 2566 (με,
811 2519 887 2565 quum
897 2502 949 2551 ffljo
959 2504 1069 2568 aspidem
1081 2516 1130 2552 tra.

54 2563 133 2613 dones
146 2570 332 2619 incurrentibus
342 2581 419 2619 erent.
428 2571 520 2619 Eadem
532 2580 569 2618 te·
614 2582 697 2640 deret,
719 2569 817 2641 simp,
836 2583 930 2644 inquit,
952 2568 1042 2643 ἧηὶμ,
1059 2569 1075 2639 ἦ
1088 2572 1130 2633 ἰπὶ

56 2652 133 2691 statur
153 2647 277 2695 Plutarch.
293 2676 331 2687 -
347 2649 423 2697 Inutct
440 2650 569 2698 cadebant.
616 2655 670 2713 τες,
696 2685 733 2699 ...
752 2659 917 2708 Jactatiomm
931 2661 1072 2720 vulnerum,
1086 2664 1130 2726 qui

57 2723 118 2772 N⁰¹¹
140 2726 216 2789 Pauci
236 2727 315 2776 Codd·
340 2727 411 2776 mulii
433 2728 567 2785 cadebani,
614 2756 676 2803 tegre
696 2740 817 2787 tolerabat
839 2741 994 2804 agitationem
1018 2741 1130 2804 corporis

58 2817 134 2864 quam
142 2804 273 2853 lectionem
280 2806 390 2870 plerique
399 2806 462 2854 Edd.
473 2823 570 2873 recepe·
614 2818 744 2866 vulnerati,

59 2890 134 2940 runt;
152 2899 198 2930 nec
212 2900 269 2933 sane
281 2885 364 2948 inepta
376 2895 413 2933 est
426 2903 432 2932 ι
450 2901 495 2950 ego
511 2901 571 2934 vero
651 2897 675 2944 6.
688 2894 786 2962 Effirse.
795 2896 885 2944 rtostrt
898 2897 977 2962 effusi
980 2931 988 2957 ,
1004 2899 1073 2946 male.
1083 2898 1130 2966 Es·

58 2971 204 3011 nostrorum
219 2966 295 3029 Regg.
312 2965 391 3014 codd.
405 2967 572 3014 auctoritatem
609 2972 670 3038 fiae
684 2973 791 3022 Acidolti
804 2974 944 3022 emendatio
957 2984 1007 3035 est,
1020 2976 1129 3040 proban·

58 3053 158 3090 secutus
169 3061 239 3105 sum,
251 3046 443 3110 approbantibus
452 3046 540 3095 Medio
549 3057 574 3096 et
616 3052 682 3100 tibus
700 3053 798 3101 Radero
815 3063 839 3100 et
854 3053 1032 3102 Freinshemio.
1045 3055 1129 3102 Schet'-

58 3123 229 3174 Schmiedero.
239 3129 345 3175 -Mox
356 3128 429 3174 etiam
442 3142 474 3174 ex
483 3127 572 3175 iisdem
616 3132 682 3180 ferus
698 3142 723 3179 et
736 3131 852 3179 Heinsius
869 3131 1008 3179 scribebant
1023 3143 1129 3181 ruentem

59 3204 152 3251 nostris
166 3205 245 3253 Codd.
259 3216 283 3252 et
301 3223 333 3255 ex
341 3209 414 3255 Voss.
425 3223 456 3265 a,
470 3208 573 3272 scripsi,
616 3227 663 3274 pro
662 3210 781 3278 fluentem
790 3246 798 3271 ,
808 3208 851 3256 sed
859 3209 913 3256 sine
921 3209 970 3256 ulla
978 3210 1128 3258 anctoritate.

58 3297 118 3328 cum
139 3281 314 3344 Schniiedero,
333 3295 401 3334 stare
413 3295 512 3352 possent
525 3301 572 3350 pro
654 3287 1129 3363 8.Decora.Rerbellopraeelaregestas.

56 3371 124 3408 stare
130 3372 220 3425 posset.
616 3367 758 3414 simillimus
774 3365 833 3412 huic
846 3365 914 3412 locus
932 3377 968 3413 est
983 3368 1011 3414 in
1026 3368 1127 3416 Justino

95 3449 120 3496 4.
134 3440 246 3504 Corpore.
262 3443 380 3507 Corporis
392 3443 571 3503 declinatione,
616 3446 708 3505 XXX,
718 3453 748 3503 t,
761 3443 805 3503 15,
816 3442 861 3490 ubi
869 3445 919 3503 iam
929 3456 953 3493 et
960 3447 1127 3494 Macedonum

58 3518 112 3565 vid.
126 3535 216 3582 snpra,
229 3523 273 3579 IV,
284 3523 317 3582 o,
332 3523 372 3571 16.
390 3523 492 3581 Cicero,
501 3523 571 3571 Catil.
617 3523 694 3587 gloria
712 3532 889 3579 consenuerat,
911 3526 990 3571 Roma
1009 3526 1125 3589 vigente:

57 3599 90 3644 t:
107 3599 203 3645 «Parva
217 3599 323 3662 quadam
340 3600 516 3661 declinatione,
530 3611 571 3663 et,
615 3602 770 3664 «Utrimque
795 3602 910 3648 concitati
932 3603 1021 3651 milites
1042 3605 1126 3667 praelia

59 3686 87 3723 ut
100 3677 185 3737 aiunt,
200 3694 304 3742 corpore
317 3681 419 3744 effugi.»
615 3683 854 3741 concurrunt,alteri
863 3684 978 3741 orientis,
988 3686 1057 3732 alteri
1065 3688 1137 3740 occis⁴
1215 3741 1217 3744 ¹

95 3755 119 3803 5,.
133 3756 223 3821 Clypeo
236 3768 370 3822 excqrtum.
387 3761 444 3807 Mos
459 3761 569 3808 militaris
615 3761 696 3809 dentis
705 3763 810 3825 irnperio
819 3762 965 3826 gloriantem
974 3766 1127 3830 fetentesque

58 3832 210 3894 vulneratos,
220 3836 259 3883 vel
268 3837 360 3886 occisos
370 3840 457 3904 clypeo
466 3840 570 3904 imposi·
614 3842 642 3888 in
652 3841 757 3901 bellum,
768 3842 809 3889 alii
822 3844 943 3903 majorum
953 3859 1055 3892 suorum
1066 3847 1128 3893 anti·-

59 3912 215 3962 tosinoastra
222 3915 392 3980 referreVirg.
399 3920 452 3967 AEn.
460 3921 499 3978 X,
509 3919 569 3966 506:
615 3936 688 3983 quam
697 3931 721 3968 et
730 3920 864 3969 obsoletam
872 3921 987 3983 gloriam,
997 3923 1128 3972 aliiviren·

57 3991 233 4055 «Impositum
253 4004 322 4042 scuto
340 3997 448 4044 referunt
462 3994 571 4045 Pallanta
614 4012 663 4048 tem
681 4001 820 4049 recentibus
836 4001 1011 4064 experimentis
1023 4003 1127 4051 ‚virtutis

58 4068 224 4133 frequentes„
232 4072 297 4121 Hinc
305 4073 425 4124 limosum
431 4075 494 4125 illud
501 4077 572 4141 Spar·
615 4078 708 4127 florem.
717 4101 729 4120 n
742 4079 887 4128 Conferatur
900 4082 1128 4145 quoque'lacitus,
