2662 4836
365 445 369 450 ,
468 369 646 434 LIBER·
661 368 723 433 VI.
1112 372 1131 436 3

61 483 262 571 terpellavit,
278 499 317 547 ut
330 484 428 547 etiam
443 482 626 564 adjuverit:
646 484 768 572 quippe
786 483 963 571 fugientem
977 486 1133 573 insequu·
1160 495 1177 542 6

60 584 320 666 tusAlexander,
334 585 368 648 in
380 582 560 673 longinqua
574 585 644 650 loca
653 587 1133 676 magismagisquerapiebatur3

58 702 93 750 et
107 707 149 749 ex
164 687 237 774 ipso
256 686 369 775 praelio
385 674 662 750 mercenariorum
677 687 791 775 ingens
805 686 984 751 multitudo
998 689 1033 751 in
1049 689 1136 753 Grae-

58 788 144 850 ciam
155 785 234 873 fuga
245 801 485 875 penetraverat;
499 808 640 873 quorum
654 804 731 851 octo
744 787 845 851 millia
860 788 983 874 persica
995 792 1136 877 pecunia

58 887 220 952 conduxit
231 889 323 978 Agis,
337 909 518 975 eorumque
528 909 629 975 opera
638 887 811 975 plerasque
821 889 1027 952 Cretensium
1038 889 1136 955 urbes

58 989 185 1078 recepit
195 1001 221 1051 1.
236 989 349 1070 Quum
361 987 513 1076 deinceps
526 987 650 1051 Menon
664 987 699 1051 in
711 987 883 1051 Thraciam
895 987 936 1051 ab
948 989 1136 1054 Alexandro
1163 1019 1175 1064 7

60 1088 197 1170 missus,
223 1087 378 1152 barbaros
400 1086 443 1153 ad
466 1087 683 1152 defectionem
707 1086 907 1175 impulisset,
933 1087 1040 1174 adque
1063 1111 1135 1153 eam

53 1188 340 1277 *comprimendam
350 1188 523 1277 Antipater
536 1189 715 1252 exercitum
728 1209 767 1252 ex
779 1186 974 1252 Macedonia
984 1190 1019 1253 in
1029 1190 1136 1254 Thra·

60 1291 146 1353 ciam
157 1289 317 1369 duxisset,
333 1288 580 1376 opportunitate
596 1287 753 1376 temporis
769 1303 901 1350 strenue
917 1288 969 1351 usi
984 1289 1135 1353 Lacedae·

60 1390 167 1457 monii
189 1406 291 1455 totam
315 1389 595 1478 Peloponnesum,
620 1387 732 1476 paucis
752 1385 891 1449 urbibus
914 1388 1076 1475 exceptis,
1101 1391 1137 1453 in

60 1505 170 1577 partes
186 1505 371 1571 traxerunt,
389 1490 608 1576 confectoque
626 1487 770 1552 exercitu
787 1487 904 1576 viginti
922 1487 1061 1551 millium
1077 1513 1137 1576 pe-

60 1590 187 1674 ditum,
212 1615 289 1656 eum
309 1590 476 1677 equitibus
499 1590 549 1654 bis
572 1590 680 1672 mille,
707 1588 805 1678 Agidi
826 1612 988 1653 summam
1006 1590 1135 1678 imperii

58 1690 261 1756 detulerunt.
276 1692 462 1778 Antipater,
478 1711 515 1752 ea
528 1712 563 1755 re
576 1704 781 1780 comperta2,
795 1690 919 1754 bellum
932 1691 966 1753 in
979 1691 1133 1776 Thracia,
1161 1712 1176 1757 a

57 1791 182 1878 quibus
195 1806 316 1879 potest,
331 1788 576 1868 conditionibus
588 1792 776 1879 componit,
796 1791 980 1878 raptimque
993 1791 1027 1855 in
1044 1791 1134 1858 Grae·

58 1882 144 1955 ciam
163 1912 344 1980 regressus,
364 1889 406 1953 ab
425 1889 534 1954 amicis
554 1891 714 1977 sociisque
734 1891 918 1954 civitatibus
936 1892 1056 1956 auxilia
1077 1917 1134 1958 co·

59 1994 118 2080 git.
151 1984 282 2074 Quibus
308 1991 581 2067 convenientibus
609 1991 650 2055 ad
676 1991 888 2080 quadraginta
913 2010 1135 2080 pugnatorum

59 2089 187 2156 miltia³
203 2095 376 2157 recensuit.
397 2089 584 2155 Advenerat
600 2107 631 2154 et
649 2114 687 2154 ex
701 2092 929 2179 Peloponneso
946 2093 1054 2159 valida
1070 2119 1136 2160 ma·
1160 2129 1176 2175 9

60 2201 144 2260 nttsf
159 2219 167 2259 ε
185 2194 241 2259 sed
255 2196 332 2282 quia
346 2194 481 2258 dubiam
496 2196 640 2283 ipsorum
657 2193 757 2263 fidem
775 2194 965 2277 resciverat,
983 2196 1135 2261 dissimu-

59 2296 125 2361 lata
145 2297 351 2386 suspicione,
370 2296 486 2384 gratias
501 2298 587 2385 egit,
603 2293 693 2382 quod
709 2295 750 2358 ad
766 2293 1006 2371 defendendam
1020 2298 1135 2362 adver-

59 2419 115 2460 sus
131 2396 396 2464 hcedoemonios
414 2395 590 2461 Alexandri
610 2396 805 2485 dignitatem,
825 2394 1032 2461 adfuissent:
1056 2403 1135 2463 scri-

58 2513 196 2584 pturum
215 2519 249 2560 se
266 2495 300 2560 id
315 2496 385 2584 regi
404 2495 540 2584 gratiam
555 2496 588 2559 in
604 2511 751 2582 tempore
767 2494 931 2559 relaturo:
947 2496 980 2564 in
995 2519 1136 2585 praesens

59 2596 142 2661 nihil
161 2620 246 2684 opus
264 2619 333 2660 esse
353 2595 530 2677 majoribus
551 2597 680 2684 copiis:
702 2597 811 2683 itaque
834 2595 950 2661 domos
970 2597 1132 2682 redirent,

58 2695 191 2761 foederis
201 2698 391 2762 necessitate
403 2695 540 2783 expleta.
559 2697 703 2760 Nuntios
720 2694 840 2759 deinde
860 2695 901 2759 ad
912 2697 1133 2764 Alexandrum
1145 2739 1176 2771 10

59 2797 180 2879 mittit,
207 2795 249 2860 de
265 2813 360 2870 motu
378 2796 509 2861 Graeciae
526 2796 697 2861 certiorem
714 2795 865 2859 facturos.
893 2798 1001 2883 Atque
1019 2797 1066 2860 illi
1084 2820 1136 2864 re.

58 2918 135 2985 gem
148 2894 239 2984 apud
255 2892 393 2959 Bactra⁵
410 2895 543 2961 demum
561 2897 755 2982 consequuti
769 2911 862 2976 sunt,
883 2916 986 2985 qqum
1003 2897 1134 2962 interim

59 2998 227 3086 Antipatri
245 2997 400 3078 victoria,
423 3015 456 3062 et
476 3019 556 3062 nece
576 2995 690 3084 Agidis
714 2995 748 3058 in
771 2994 911 3058 Arcadia
935 3012 1134 3061 transactum
1211 3062 1222 3069 ,

59 3116 155 3164 esset.
169 3099 253 3164 Sane
264 3099 331 3188 jam
345 3096 474 3186 pridem
488 3097 635 3161 tumultu
650 3091 971 3160 Lacedaemoniorum
983 3098 1133 3185 cognito,
1144 3131 1172 3162 11

58 3215 220 3290 quantum
247 3215 297 3269 tot
322 3216 481 3263 terrarum
506 3197 617 3286 spatiis
640 3196 796 3260 discretus
821 3196 950 3283 potuit,
980 3197 1134 3284 provide·

57 3319 138 3367 rat:
159 3298 424 3389 Amphoterum⁶
449 3322 523 3363 cum
546 3299 671 3389 Cypriis
694 3313 726 3362 et
748 3295 924 3361 Phoeniciis
946 3299 1083 3363 navibus
1099 3301 1133 3363 in

57 3404 324 3490 Peloponnesum
350 3401 522 3490 navigare3
550 3400 727 3464 Meneten7
757 3399 817 3462 tria
845 3399 945 3462 millia
973 3399 1133 3466 talentum

59 3502 102 3568 ad
121 3525 212 3567 mare
230 3502 356 3566 deferre
375 3503 534 3582 jusserat,
549 3516 588 3562 ut
608 3522 648 3564 ex
669 3501 855 3587 propinquo
876 3502 1047 3586 pecuniam
1064 3504 1134 3565 An·

60 3607 182 3693 tipatro
202 3603 478 3684 subministraret,
501 3617 621 3689 quanta
639 3601 733 3663 illum
753 3600 899 3687 indigere
917 3605 1132 3691 cognovisset.

59 3706 170 3770 Probe
186 3705 274 3770 enim
291 3718 518 3792 perspexerat,
534 3703 648 3790 quanti
664 3699 706 3764 ad
722 3701 833 3765 omnia
849 3704 1008 3774 momenti
1025 3721 1173 3769 motus12

99 3883 122 3914 r.
141 3865 208 3914 Curt.
222 3867 240 3915 l.
251 3868 296 3923 IV,
312 3882 334 3912 o.
348 3883 369 3924 1,
383 3863 399 3929 3
411 3866 459 3928 39;
471 3863 575 3913 Diodor.
655 3872 679 3918 4.
697 3863 808 3910 Frontin.
818 3861 863 3910 lib.
873 3865 911 3918 11,
922 3878 974 3925 cap.
989 3879 1029 3922 11,
1042 3863 1059 3928 S
1070 3874 1094 3921 4.

59 3945 107 3995 lib.
117 3945 210 4003 xvir,
221 3960 291 4008 capp.
304 3945 336 4001 48
350 3953 374 3991 et
385 3945 428 3993 62.
656 3942 680 3989 5.
699 3940 767 3988 Curt.
777 3939 894 3996 lib.v11‚
908 3956 961 4003 cap.
975 3940 1031 4004 4,§
1044 3943 1085 3990 32.

98 4041 124 4073 a·
141 4024 205 4071 Just.
218 4023 263 4071 lib.
273 4025 339 4082 XII,
350 4038 403 4086 cap.
416 4020 463 4085 μδ
475 4023 499 4069 8.
571 4074 574 4080 .
656 4020 680 4068 6.
698 4020 797 4066 Arrian.
807 4018 851 4064 lib.
863 4019 916 4077 III,
927 4034 980 4081 cap.
994 4035 1016 4078 1,
1027 4018 1043 4082 S
1056 4037 1097 4085 aa,
1115 4079 1119 4086 Ἴ,

96 4104 122 4150 3.
140 4100 246 4150 Diodor.
258 4101 303 4149 lib.
313 4102 402 4159 xva,
415 4116 467 4164 cap.
480 4100 521 4148 63.
656 4115 680 4157 7.
699 4098 798 4147 Arrian.
809 4095 853 4145 lib.
863 4099 915 4156 111,
927 4113 980 4160 cap.
992 4097 1006 4144 3
1016 4131 1023 4157 ,
1035 4097 1051 4161 S
1062 4114 1103 4148 so.
