2662 4836
524 321 683 384 LIBER
714 322 775 385 Vl.
1144 322 1184 393 55

120 432 187 499 Per
205 431 274 504 bos
298 435 531 530 imperatum,
553 450 610 522 ut,
638 435 701 531 qui
727 434 771 504 ad
799 435 1007 530 praetorium
1032 433 1186 509 excribe-

115 534 220 626 bant,
237 545 367 613 armati
382 544 577 639 vigilarent.
594 549 612 614 J
616 569 673 614 am
686 543 731 614 ad
747 569 873 616 omnes
892 544 1009 614 aditus
1024 544 1187 641 dispositi
1200 554 1227 598 18

115 649 269 740 milites3
288 655 426 750 equites
439 680 585 750 quoque
602 656 731 726 itinera
745 654 910 725 obsidere
921 655 1027 750 jussi,
1044 679 1090 724 ne
1107 656 1187 750 quis

115 759 160 829 ad
188 766 481 850 Parmenionem,
508 767 667 860 quitum
692 764 818 834 Medias
842 765 1053 862 magnisque
1074 765 1186 861 copiis

116 887 286 964 praeerat,
303 875 472 945 ,occultus
491 875 669 945 evaderet.
688 879 848 945 Attarras
869 889 990 944 autem
1013 899 1094 944 cum
1114 889 1185 942 tre·
1199 903 1230 948 19

116 983 231 1053 centis
245 987 390 1055 armatis
402 986 599 1056 intraverat
610 985 745 1080 regiam
761 1012 768 1053 :
782 983 867 1054 huic
879 984 1004 1055 decem
1017 983 1188 1055 satellites

116 1093 328 1180 traduntur,
344 1121 501 1191 quorum
520 1096 680 1192 singulos
698 1094 783 1164 deni
801 1095 967 1191 armigeri
985 1094 1186 1190 sequeban-

117 1216 186 1274 tur.
212 1207 243 1279 Ii
268 1207 313 1276 ad
334 1208 421 1278 alios
447 1209 652 1300 conjuratos
679 1204 1040 1302 comprehendendos
1069 1205 1231 1275 distri-20

67 1331 68 1338 ’
117 1313 196 1384 buti
210 1332 315 1386 sunt:
330 1323 504 1400 Attarras,
519 1342 600 1387 cum
616 1317 788 1387 trecentis
800 1317 845 1386 ad
859 1316 1037 1386 Philotam
1046 1318 1187 1404 missus,

117 1424 279 1495 clausum
298 1427 433 1498 aditum
451 1428 579 1497 domus
597 1426 832 1505 moliebatur,
855 1425 1118 1521 quinquaginta
1130 1427 1188 1520 ju-

118 1559 253 1603 venum
273 1537 548 1633 promptissimis
573 1537 743 1632 stipatus;
767 1560 849 1604 nam
881 1549 1020 1637 ceteros
1045 1536 1188 1631 cingere

117 1643 282 1739 undique
306 1644 454 1715 domum
475 1647 644 1739 jusserat,
670 1670 716 1714 ne
743 1643 885 1714 occulto
907 1642 1006 1714 aditu
1031 1643 1189 1714 Philotas

118 1767 243 1848 posset
261 1752 365 1823 elabi.
389 1754 513 1839 Illum,
530 1756 604 1823 sive
624 1753 814 1824 securitate
830 1753 957 1837 animi,
977 1753 1051 1823 sive
1067 1752 1187 1850 fatiga-
1200 1781 1230 1814 21

117 1861 218 1932 tione
235 1863 453 1949 resolutum,
472 1889 621 1933 somnus
638 1878 883 1960 oppresserat,
903 1888 1012 1958 quem
1030 1868 1189 1937 Attarras

118 1986 328 2068 torpentem
340 1972 457 2049 adhuc
474 1989 636 2070 occupat.
655 1972 816 2044 Tandem
830 1973 864 2042 ei
880 1995 1010 2067 sopore
1029 1972 1188 2044 discusso
1201 2003 1232 2033 22

119 2106 235 2176 quum
255 2083 491 2176 injicerentur
505 2097 657 2164 catenae3
676 2083 815 2168 «Vicit,
840 2082 971 2177 inquit,
988 2081 1189 2152 bonitatem

120 2188 233 2277 tuam,
247 2216 327 2277 rex,
343 2192 573 2274 inimicorum
584 2216 749 2261 meorum
764 2190 939 2293 acerbitas
954 2218 987 2259 »:
1004 2217 1071 2261 nec
1083 2193 1189 2290 plura

120 2301 307 2373 elocutum
330 2303 445 2398 capite
466 2301 585 2372 velato
608 2301 646 2370 in
668 2299 1017 2398 regiamadducunt.
1039 2306 1188 2373 Postero

101 2453 105 2460 ¹
120 2472 237 2520 omnibus
257 2472 287 2518 de
301 2470 444 2519 Alexandro
458 2471 632 2534 scriptoribus,
677 2471 723 2520 alia
736 2469 779 2517 illi.
793 2470 889 2516 Deinde
902 2469 1005 2519 nechao
1015 2471 1190 2535 intelligo,cur

120 2551 228 2599 arriano
243 2567 354 2614 quoque,
375 2552 424 2598 hoc
442 2552 548 2598 maxime
568 2551 632 2597 desi·
677 2551 741 2596 inter
752 2547 867 2607 satellites
880 2557 903 2593 et
914 2547 1045 2613 aunigeros
1055 2550 1190 2613 distingua-

121 2630 196 2690 dero,
206 2630 275 2694 quod
285 2641 419 2678 accuratam
427 2631 502 2677 totius
512 2631 633 2678 exercitus
677 2640 725 2686 tur,
735 2639 761 2675 ut
770 2628 839 2690 quasi
849 2643 895 2691 pro
905 2627 1008 2675 diversis
1015 2628 1124 2676 habendi
1133 2631 1189 2679 sint.

121 2709 312 2776 descriptionem
328 2728 381 2759 non
395 2711 521 2767 dederint,
541 2727 572 2768 ex
586 2727 634 2775 qua
679 2710 788 2758 Fortasse
799 2707 894 2771 priores
908 2706 934 2752 in
944 2708 1029 2754 Gtaec0
1040 2699 1191 2774 νϋμήοφῦ-

91 2772 93 2791 ¹
121 2789 274 2852 singulorum
288 2791 384 2854 agmina
395 2800 419 2836 et
430 2790 544 2846 nomina,
557 2799 580 2835 et
591 2790 635 2836 mi·
679 2793 771 2848 tante,
788 2786 936 2850 posteriores
954 2772 1056 2850 ὅπλῖἳαι
1069 2788 1190 2836 vocaban-

121 2867 191 2914 litum
198 2885 275 2930 quum
282 2870 428 2932 patria,tum
436 2878 544 2926 arnra,et
550 2884 635 2915 nume·
679 2877 726 2913 tur.
735 2888 746 2905 n
756 2867 846 2913 Merito
858 2865 958 2928 quidem
969 2865 1020 2912 haec
1032 2867 1117 2914 Curtio
1128 2867 1191 2928 obji-

121 2958 211 3009 rus,et
218 2949 325 3010 praefecti
336 2964 385 2994 uua
396 2964 451 2994 cum
461 2948 569 3010 iis,quae
579 2957 635 3011 post
679 2947 787 3001 ciuntur,
799 2945 842 2992 sed
855 2962 886 2992 ex
901 2945 1001 3006 reliquis
1015 2947 1191 3009 scriptoribus,
1228 2944 1231 2949 ’

121 3037 229 3090 coeptum
248 3026 339 3073 bellum
358 3027 386 3073 in
402 3042 428 3073 re
442 3023 542 3072 militari
557 3035 635 3072 muta-
678 3035 779 3088 propter
787 3039 918 3071 commune
930 3024 961 3070 de
969 3023 1008 3070 his
1017 3024 1191 3073 minutioribus

121 3105 220 3164 bantur,
235 3115 258 3153 et
268 3122 426 3169 quaecumque
437 3089 486 3158 buc
497 3106 633 3168 pertinent,
679 3104 817 3161 silentium,
840 3102 902 3150 nihil
926 3102 956 3148 ad
977 3101 1034 3161 htec
1048 3102 1192 3164 explicanda

121 3186 228 3249 perdisci
240 3196 349 3248 possent.
363 3188 419 3233 Haec
433 3183 580 3240 Solimieder.
679 3183 760 3229 afferri
772 3192 859 3245 potest.

160 3266 200 3312 18.
219 3264 309 3312 Medica
322 3274 438 3328 praerat.
458 3265 517 3310 Non
531 3275 582 3311 erat
596 3280 634 3313 sa,-
717 3278 757 3309 ao.
769 3261 869 3308 Aditum
883 3259 1034 3308 moliebatur.
1045 3261 1137 3322 Magno
1149 3276 1192 3309 co·

122 3353 190 3404 trapa
209 3343 314 3402 Mediae,
336 3343 379 3389 sed
399 3343 518 3389 exercitui
538 3352 590 3389 turn
608 3343 636 3389 in
680 3351 738 3389 netu
751 3339 879 3398 movebat,
891 3339 918 3390 ri
932 3338 1062 3402 aperiebat.

122 3422 207 3469 Media
220 3423 303 3471 relicto
318 3425 452 3486 praefectus.
460 3422 519 3468 Vid.
530 3423 584 3489 ads
594 3440 617 3483 7.
717 3437 757 3469 aa.
765 3417 927 3466 Inimicorum.
937 3416 1084 3473 Solimieden
1096 3434 1128 3463 ex
1136 3419 1192 3466 Mo·
1251 3416 1255 3423 “

159 3516 202 3562 19.
211 3502 413 3562 Attams..Quem
422 3500 456 3547 ob
466 3502 578 3549 virtutem
586 3503 636 3550 chi·
680 3499 716 3546 dii
730 3498 916 3557 emendatione,
934 3499 1030 3562 scripsit
1043 3496 1193 3546 inimicorum

123 3579 224 3636 liarchia
244 3580 362 3637 donatum
381 3598 446 3639 esse,
466 3596 540 3643 supra
559 3581 590 3627 ad
603 3583 635 3639 V,
680 3595 797 3634 meorum,
813 3577 906 3637 adjecta
919 3567 978 3625 voce
990 3577 1109 3635 secunda;
1124 3587 1147 3622 et
1160 3577 1195 3624 sic

125 3675 156 3717 a,
171 3659 201 3717 5,
214 3659 327 3706 vidimus.
341 3686 371 3694 —
390 3658 450 3706 Huic
465 3659 546 3706 decem
560 3659 635 3707 saal·
680 3658 780 3722 quidem
793 3658 882 3714 clarior
896 3674 982 3705 sensus
996 3666 1045 3714 est3
1060 3655 1103 3704 sed
1119 3672 1194 3719 quum

125 3737 177 3788 lites
189 3739 326 3788 traduntur.
342 3740 471 3786 «Primum
484 3756 536 3789 non
550 3739 635 3798 video,
680 3754 726 3791 nec
745 3738 792 3784 alio
808 3736 933 3783 scribendi
951 3735 1027 3782 mildo
1046 3733 1150 3788 obscura
1166 3734 1196 3781 sit

125 3817 206 3881 inquit
218 3817 364 3875 Schinieder,
377 3835 421 3865 cur
432 3818 459 3865 hi
470 3819 553 3865 decem
565 3819 636 3867 satel-
681 3816 814 3873 sententia,
836 3815 958 3878 vulgatam
977 3814 1087 3873 servavi,
1107 3823 1130 3859 et
1144 3813 1194 3860 elo-

125 3896 178 3944 lites
188 3907 213 3944 et
221 3907 318 3944 centum
329 3898 442 3961 amnigeri
452 3900 541 3944 Attarae
554 3897 636 3961 traditi
681 3906 760 3941 currem
780 3911 826 3959 pro
851 3894 963 3941 locutum.
986 3919 1021 3928 -
1042 3889 1126 3955 Capite
1147 3906 1195 3957 ore-

126 3973 251 4033 dicentum
270 3991 315 4022 nec
328 3975 394 4036 enirn
405 3975 578 4038 jungebantur,
591 3991 636 4023 nec
683 3974 740 4021 lato.
761 3974 820 4031 Non
835 3989 866 4019 ex
881 3987 950 4020 more
967 3971 1088 4035 quodam,
1105 3970 1149 4021 sed
1164 3985 1196 4017 ne
1288 3986 1292 3993 *

127 4053 211 4103 eadem
226 4054 363 4113 faciebant,
383 4054 426 4102 sed
444 4055 511 4102 aliud
528 4055 642 4112 Attaras,
681 4053 796 4118 agnitus,
819 4050 932 4111 nondum
952 4059 1076 4115 comperta
1097 4064 1197 4108 caussa,
