2662 4836
528 326 680 390 sinen
706 327 778 392 vs·
1141 349 1183 415 29

114 434 1184 538 igiturexceptus,«Tuquidem,mquit,rex‚perpetuafeli·
1210 449 1226 495 3

114 543 218 615 citate
240 544 392 631 floreas3
412 571 495 644 ege,
517 548 645 618 ceteris
663 547 781 636 laetus,
804 547 874 618 hoc
892 573 967 618 uno
986 563 1182 646 torqueor,

114 653 236 748 quod,
255 656 430 753 praecipiti
445 671 652 742 senectute,
672 657 735 728 diu
754 655 825 728 frui
843 673 905 728 tua
923 658 1087 730 bonitate
1104 685 1181 730 non

113 785 288 857 possum»
304 792 315 853 ;
340 767 614 864 nonagesimum
633 781 669 837 et
688 769 858 864 quintum
884 792 1021 838 annum
1042 768 1179 865 agebat.

114 866 255 941 Novem
271 875 445 969 juvenes,
467 875 593 946 eadem
611 892 725 947 matre
749 877 881 974 geniti,
907 892 1047 975 patrem
1069 880 1179 949 comi·
1212 896 1227 942 l

115 979 286 1053 tabantur
304 1010 312 1052 :
332 983 399 1055 hos
416 985 612 1056 Artabazus
633 987 767 1057 dextrae
786 989 880 1083 regis
899 988 1077 1075 admovit,
1100 1014 1181 1086 pre·

117 1105 213 1163 catus
241 1106 380 1164 uttam
406 1094 469 1165 diu
492 1094 677 1183 viverent,
705 1094 821 1167 donec
847 1096 953 1167 utiles
977 1097 1182 1169 Alexandro

117 1215 244 1271 essent.
271 1207 349 1272 Rex
372 1202 526 1300 pedibus
551 1205 621 1274 iter
645 1203 862 1300 plerumque
885 1203 1038 1276 faciebat
1063 1233 1070 1274 :
1096 1221 1184 1277 tunc
1212 1219 1228 1264 5

116 1309 299 1382 admoveri
312 1310 379 1381 sibi
394 1327 429 1382 et
441 1312 617 1383 Artabazo
630 1338 745 1409 equos
755 1314 877 1407 jussit,
892 1339 956 1400 ne,
972 1316 1049 1411 ipso
1064 1317 1183 1413 ingre·

118 1417 236 1490 diente
248 1419 420 1517 pedibus,
440 1446 549 1493 senex
564 1446 659 1518 equo
674 1422 758 1492 vehi
773 1421 1011 1494 erubesceret.
1024 1426 1182 1516 Deinde,
1212 1443 1228 1488 6

117 1544 155 1598 ut
168 1544 283 1599 castra
296 1545 381 1600 sunt
396 1532 529 1627 posita,
544 1535 700 1618 Graecos,
713 1558 805 1628 quos
820 1533 1014 1604 Artabazus
1028 1535 1183 1608 adduxe·
1219 1550 1225 1558 “

117 1651 190 1724 rat,
214 1640 406 1709 convocari
425 1639 529 1735 jubet
551 1666 559 1708 :
583 1655 618 1710 at
642 1640 716 1731 illi,
741 1643 809 1713 nisi
828 1643 1104 1715 Lacedaemoniis
1126 1644 1183 1742 [et

116 1746 395 1844 Sinopensibus]
422 1749 512 1820 fides
537 1750 700 1839 daretur,
730 1751 974 1848 respondent,
1005 1777 1065 1840 se,
1095 1754 1182 1850 quid

117 1855 294 1952 agendum
311 1859 397 1955 ipsis
411 1856 523 1946 foret,
537 1858 806 1931 deliberaturos.
823 1863 945 1958 Legati
960 1878 1063 1933 erant
1078 1869 1182 1936 Lace·
1212 1895 1225 1938 7

118 1964 375 2037 daemoniorum
391 1968 489 2038 missi
508 1969 553 2038 ad
571 1971 739 2058 Darium,
759 1995 832 2066 quo
849 1972 963 2059 victo,
982 1972 1183 2069 applicave-

116 2091 196 2147 rant
211 2101 250 2147 se
264 2077 394 2148 Graecis
404 2078 571 2148 mercede
585 2078 681 2176 apud
693 2083 817 2150 Persas
827 2079 1076 2152 militantibus.
1088 2087 1182 2171 Rex,
1212 2102 1225 2147 a

118 2187 256 2256 omissis
280 2187 515 2282 sponsionum
539 2185 698 2283 fideique
723 2187 951 2284 pignoribus,
973 2191 1097 2262 venire
1122 2217 1183 2263 eos

115 2296 233 2389 jussit,
253 2294 455 2383 fortunam,
472 2320 581 2392 quam
598 2297 674 2393 ipse
695 2295 869 2383 dedisset,
889 2295 1087 2370 habituros.
1111 2301 1183 2371 Diu
1224 2348 1226 2353 .

118 2419 350 2491 cunctantes,
381 2406 564 2502 plerisque
593 2405 741 2476 consilia
767 2403 1006 2494 variantibus,
1034 2407 1182 2478 tandem

118 2529 289 2585 venturos
308 2539 345 2585 se
364 2515 591 2612 pollicentur.
614 2520 659 2585 At
680 2520 912 2585 Democrates
933 2515 1181 2605 Atheniensis,
1209 2547 1226 2594 a

118 2707 268 2745 constantem
278 2697 436 2745 exhibuisset.
444 2697 508 2747 Nam
517 2698 584 2761 quod
595 2699 627 2746 ad
672 2698 703 2745 52
713 2734 720 2757 ,
732 2713 853 2761 quorum,
865 2697 887 2744 si
897 2696 1029 2745 Aenianum
1042 2699 1058 2748 L
1068 2699 1085 2746 l.
1098 2701 1182 2761 audis,

118 2774 218 2840 hospitii
234 2778 290 2837 jura
307 2777 406 2838 attinet,
425 2778 490 2824 nulls
515 2778 542 2823 in
561 2777 626 2826 bello
670 2787 716 2824 tres
733 2777 850 2841 Cophen,
871 2777 1050 2826 Ariobarzanes
1068 2789 1093 2826 et
1109 2780 1182 2827 Arsa·

119 2864 200 2916 erant,
220 2856 287 2903 uude
301 2856 426 2920 Agesilaus
442 2856 472 2903 ad
486 2855 626 2904 Pharnaba·
671 2873 738 2915 mes,
758 2866 811 2903 tum
831 2871 887 2903 cum
906 2867 973 2920 patre
994 2874 1019 2904 se
1038 2835 1182 2907 Alexandro

120 2949 172 2996 snm
185 2935 296 2994 dicebat,
312 2935 430 2998 Xenoph.
443 2935 562 2982 Hellenic.
576 2937 623 2986 IV:
671 2935 796 2983 dedidere.
813 2935 916 2996 Quarti,
930 2936 1094 2998 Phamabasi,
1109 2954 1183 3002 supra

120 3034 130 3053 ι
136 3011 195 3061 Nou
204 3014 318 3077 ignorare
330 3023 353 3060 te
362 3013 476 3072 arbitror,
486 3014 558 3061 etiam
567 3030 627 3078 gree·
671 3016 763 3062 mentio
777 3016 837 3061 sacta
851 3022 894 3060 est.

119 3093 151 3140 cis
165 3094 194 3140 in
208 3092 328 3152 urbibus,
343 3092 508 3156 hospitiorum
521 3094 626 3141 necessi·
706 3076 730 3143 6'.
741 3091 828 3140 Atilii.
841 3093 981 3139 Graecorum
994 3092 1073 3156 legati.
1083 3092 1141 3141 viu.
1152 3094 1183 3141 ad

120 3173 215 3221 tudines
231 3174 296 3220 iuter
316 3173 430 3221 homiues
446 3174 565 3221 contrahi.
581 3174 627 3221 Ni·
670 3171 686 3236 S
708 3188 730 3218 1.
747 3197 783 3208 -
800 3171 832 3215 Et
848 3169 1026 3232 Sinopensibus.
1046 3173 1104 3218 Haec
1127 3188 1183 3219 cum

120 3249 267 3311 hilominur,
292 3252 336 3300 uhi
355 3251 449 3300 bellum
469 3253 534 3299 inter
554 3252 627 3299 urbes
671 3251 828 3299 Schmiedero
848 3250 942 3296 inserui
964 3266 995 3296 ex
1012 3250 1090 3299 Codd.
1109 3252 1185 3299 Erant

120 3332 182 3396 ipsas
189 3333 241 3396 geri
250 3342 357 3396 coeptum
367 3341 413 3391 est,
426 3346 475 3378 uua
485 3347 541 3378 cum
550 3331 627 3394 patria
672 3331 738 3378 euim
758 3330 930 3393 Sinopensium
950 3329 1024 3393 legati
1045 3330 1110 3378 inter
1129 3331 1184 3379 illos

120 3411 222 3473 quilibet
229 3397 369 3474 hospitibn's
382 3410 472 3458 bellum
486 3410 554 3470 lacit3
566 3411 628 3473 quin
672 3412 783 3471 Graecos,
804 3425 867 3472 quos
883 3409 1036 3469 Alexander,
1057 3410 1140 3473 quod,
1162 3411 1184 3458 si

120 3490 205 3550 etiam,
220 3491 242 3537 si
258 3506 296 3537 res
313 3490 347 3536 ita
363 3491 435 3547 ferat,
448 3505 628 3553 nonnunquam
671 3490 762 3551 legatos
772 3489 803 3535 ad
815 3503 895 3552 regem
905 3504 977 3535 suum
986 3488 1184 3546 misissent,nou

121 3579 206 3617 mutuo
219 3586 245 3617 se
258 3570 367 3633 hospites
379 3569 501 3616 occidunt.
509 3591 521 3609 n
672 3569 757 3631 inique
767 3569 894 3627 iecissent,
908 3568 1008 3615 dimisit.
1020 3569 1118 3616 Arrian.
1132 3570 1185 3628 111,

154 3652 177 3697 3.
201 3648 328 3713 Praecipiti
346 3660 472 3696 senecmre.
497 3650 626 3706 Extrema,
673 3658 715 3706 al..
731 3651 836 3714 Sinope,
851 3664 926 3712 graeca
939 3648 1039 3711 quidem
1052 3649 1126 3708 urbs,
1140 3649 1183 3695 sed

119 3746 170 3795 quae
181 3731 234 3790 iam
246 3730 277 3776 ad
289 3728 365 3777 finem
378 3729 469 3794 vergit,
483 3728 510 3776 in
521 3743 628 3792 praeceps
672 3729 701 3774 in
711 3729 769 3776 Asia
778 3728 809 3776 ad
819 3730 924 3775 Pontum
934 3728 1060 3775 Euxinum
1070 3729 1114 3775 sita
1125 3739 1183 3775 erat.

120 3811 175 3858 ruit.
674 3808 721 3853 Pro
732 3804 919 3871 Sinopensibus,
932 3807 1011 3853 nostri
1021 3806 1114 3854 habeut
1125 3808 1183 3854 Ino·

155 3886 553 3953 4.NocemJ’uvener.Artabaeoex
559 3888 630 3933 Men·
669 3886 794 3949 pensibus,
809 3900 891 3932 errore
905 3885 1007 3932 librarii.
1020 3886 1083 3933 Mox
1094 3885 1185 3932 hahent

121 3969 180 4014 toris
202 3978 226 4014 et
246 3967 389 4014 Memnonis
410 3982 495 4014 sorore
514 3965 631 4012 undecim
673 3964 770 4029 siquid,
782 3980 829 4029 pro
838 3980 876 4020 se,
888 3963 963 4027 quid:
974 3973 1104 4030 utrumqne
1113 3973 1184 4011 recte.

120 4043 165 4092 lilii
176 4055 200 4093 et
210 4044 293 4094 decem
304 4045 444 4094 liliaeerant.
458 4044 532 4094 Diod.
541 4046 632 4103 xvlt,
710 4061 734 4106 9.
749 4046 912 4092 Democrates.
926 4044 1018 4092 Noster
1031 4045 1096 4103 5717
1112 4043 1187 4091 hebet
