2662 4836
197 317 240 384 32
532 315 575 399 Q.
603 315 780 381 curru
811 317 931 382 nuru

197 446 333 503 ceteras
355 427 529 527 pecudes,
556 429 679 501 animo
699 431 918 521 aestimabat3
943 455 1027 502 nam
1052 432 1114 504 ille
1136 431 1266 504 necin

197 540 306 611 dorso
320 536 477 610 insidere
493 563 559 610 suo
574 540 780 638 patiebatur
792 542 921 630 alium,
939 557 976 614 et
990 567 1132 640 regem,
1152 565 1265 640 quum

198 651 307 723 vellet
328 649 541 738 ascendere,
563 665 692 748 sponte
711 677 775 722 sua
795 677 912 749 genua
929 651 1146 724 submittens
1172 651 1263 724 exci-

159 762 341 863 ¹9piebat,
363 759 652 858 credebaturque
668 764 802 835 sentire
821 788 930 861 quem
946 764 1107 836 veheret.
1128 766 1266 858 Majore

198 897 303 969 ergo,
322 893 433 967 quam
451 868 624 958 decebat,
643 871 696 941 ira
717 872 881 944 simulac
899 872 1025 944 dolore
1041 872 1267 956 stimulatus,

197 1005 333 1078 equum
356 979 523 1076 vestigari
544 979 668 1074 jubet,
694 995 731 1052 et
757 1006 823 1079 per
848 983 1084 1080 interpretem
1109 1006 1265 1079 pronun·

196 1090 305 1176 ciari,
329 1089 368 1158 ni
389 1086 646 1173 reddidissent,
669 1089 853 1160 neminem
878 1116 954 1162 esse
974 1092 1163 1161 victurum.
1192 1095 1265 1160 Hac

196 1198 476 1269 denunciatione
505 1197 621 1268 territi
646 1221 729 1267 cum
757 1199 886 1269 ceteris
910 1199 1015 1270 donis
1041 1222 1176 1295 equum
1204 1197 1262 1268 ad·

157 1307 346 1377 aoducunt.
365 1306 434 1378 Sed
455 1330 502 1376 ne
520 1306 736 1402 sicquidem
753 1307 952 1405 mitigatus,
975 1307 1059 1378 caedi
1075 1307 1194 1405 sylvas
1208 1308 1262 1402 ju-

197 1415 279 1503 bet,
309 1428 524 1513 aggestaque
550 1414 662 1484 humo
688 1440 707 1485 e
732 1415 918 1486 montibus
945 1417 1131 1513 planitiem
1155 1418 1264 1487 ramis

155 1526 404 1626 ”impeditam
435 1525 649 1619 exaggerari.
675 1529 754 1593 Jam
778 1524 1043 1623 aliquantulum
1067 1527 1265 1623 altitudinis

196 1660 288 1735 opus
315 1647 496 1718 creverat,
518 1657 630 1728 quum
652 1632 816 1721 barbari,
840 1634 1030 1732 desperato
1054 1636 1262 1732 regionem,

197 1767 306 1842 quam
331 1755 616 1838 occupaverant,
644 1765 750 1837 posse
782 1743 957 1830 retineri,
989 1757 1135 1840 gentem
1164 1768 1263 1815 suam

197 1853 390 1939 dedidere;
413 1874 494 1938 rex,
519 1848 704 1922 obsidibus
728 1853 904 1951 acceptis,
929 1855 1098 1926 Phradati
1121 1857 1263 1928 tradere

156 1988 260 2035 neos
272 1963 387 2058 jussit.
408 1957 499 2031 Inde
516 1960 645 2058 quinto
664 1961 721 2033 die
740 1960 779 2031 in
795 1965 921 2034 stativa
939 1965 1144 2036 revertitur.
1166 1969 1266 2037 Arta·

197 2148 225 2195 in
238 2145 320 2193 fronte
331 2143 451 2203 habebat,
467 2142 539 2190 bovis
557 2154 629 2206 caput
646 2144 708 2191 refe·
752 2145 822 2192 Hanc
835 2160 934 2209 quoque
946 2147 1051 2195 vectoris
1065 2148 1103 2196 sui
1123 2148 1263 2214 intelligen-

197 2236 306 2287 renum,
320 2225 417 2271 Tzetses
431 2221 535 2270 affirmat
546 2223 708 2287 Bucephalam
752 2224 810 2270 tiam
820 2240 884 2287 equo
895 2226 1024 2289 supposuit
1034 2227 1136 2275 Nostrae
1145 2227 1246 2276 Βοῦσαι(
1252 2263 1260 2286 ,

197 2303 343 2354 hominihus
352 2303 419 2350 vesci
430 2302 536 2350 solitum.
544 2323 556 2343 a
569 2324 581 2344 α
588 2303 644 2365 Ego·
652 2303 708 2365 qui·
752 2303 863 2367 Passage
873 2304 906 2351 du
917 2303 980 2351 utin
990 2322 1000 2352 .·
1011 2328 1023 2348 α
1030 2307 1081 2355 Son
1088 2307 1199 2354 coursier
1207 2307 1263 2355 dcu-

198 2385 268 2441 dem,
288 2381 368 2445 inquit
381 2379 522 2437 See-Omiza,
542 2379 634 2427 Ecum.
652 2379 705 2429 crit.
752 2391 905 2430 «mantsous
913 2398 950 2430 un
958 2381 1262 2450 maitraintrepide,Nage

197 2479 254 2528 pag.
264 2463 314 2508 215
322 2459 503 2523 Bucephalam
511 2459 586 2506 oredo
594 2457 708 2505 habmsse
752 2468 827 2506 «tout
846 2462 1000 2525 orgueilleux
1013 2463 1043 2510 de
1061 2463 1084 2510 la
1101 2465 1168 2511 main
1181 2464 1224 2527 qui
1240 2464 1263 2510 le

198 2552 272 2607 caput
287 2540 382 2587 bovino
395 2539 469 2602 capiti
481 2538 574 2598 simile,
593 2549 618 2585 et
632 2538 708 2599 hujus
752 2538 877 2603 uguide.»

199 2620 295 2686 generis
309 2618 383 2665 fuisse
397 2617 465 2680 quod
476 2633 591 2664 vocamus
596 2627 726 2679 Jumart
790 2632 829 2680 19.
843 2619 912 2665 Per
902 2629 1060 2685 tatemmtem
1073 2607 1125 2669 Atel
1140 2637 1189 2670 aas
1205 2613 1264 2685 ipss-

199 2716 275 2762 eaque
288 2711 371 2745 caussa
383 2705 451 2742 tanto
466 2695 547 2758 pretio
565 2696 638 2742 fuisse
655 2711 707 2741 em·
752 2685 834 2759 φόνων
848 2714 901 2750 τοις
912 2686 1047 2763 ι’γχυρῖοις
1058 2689 1179 2768 septiflui
1192 2715 1263 2769 'arpo-

199 2789 290 2845 ptum»
278 2774 709 2838 „Alexandrittueephatamdoman-
753 2765 862 2836 σι’ταξε,
877 2788 922 2825 ete.
935 2778 1037 2826 Diodor.
1048 2780 1139 2838 XVII,
1155 2781 1196 2840 7⁶

199 2859 231 2907 tis
246 2870 383 2904 marmorea
399 2863 475 2901 statua
492 2856 596 2901 Romam
614 2870 627 2900 a
642 2853 708 2902 Con·
783 2870 826 2902 ao
829 2855 1264 2922 Planitiemramisimpeditamerag·

200 2937 307 2986 stantino
317 2933 430 2981 translata
439 2943 513 2981 estex
519 2933 710 2992 Alexandrian
751 2933 840 2996 gerari.
853 2936 888 2981 Ut
898 2936 1001 2996 saltum,
1013 2953 1086 2999 quem
1096 2937 1181 2988 Mardi
1191 2954 1264 2986 occu-

200 3018 228 3064 in
249 3012 371 3077 Quirinali
392 3012 453 3060 colle
475 3012 554 3076 posita
578 3012 605 3059 in
626 3011 709 3057 medio
753 3023 884 3076 paverant,
897 3015 986 3062 intrare
997 3027 1087 3078 posset.

199 3078 350 3143 thermartim
372 3108 432 3154 quas
450 3091 544 3138 ibidem
566 3101 709 3138 construxe·
790 3108 831 3138 ar.
844 3092 1035 3157 Aliquantulum.
1048 3095 1174 3142 Acidalius
1187 3095 1264 3142 etalii

200 3186 249 3234 rat;
270 3191 302 3222 ex
319 3190 369 3237 quo
386 3188 479 3221 nomen
495 3171 603 3218 inditum
615 3174 708 3220 Monte·
752 3170 847 3217 malunt
869 3170 893 3217 in
912 3171 1099 3236 aliquantulum.
1118 3201 1154 3210 —-
1172 3177 1263 3239 Despe-

201 3254 311 3302 Caballo.
328 3251 435 3301 Arriano
448 3261 546 3300 auctore
557 3266 634 3299 nona
645 3254 709 3300 Mar·
752 3258 813 3297 rato.
824 3251 954 3312 Postquam
965 3251 1119 3315 desperatum
1129 3252 1264 3302 leitilane

199 3333 238 3380 dia
251 3331 495 3396 Ηῃοαῃὶῃίοὶῃὴ,
513 3330 557 3378 sed
576 3330 606 3377 ab
622 3332 709 3393 Uxiis,
751 3326 871 3389 loquendi
891 3329 993 3376 modum
1016 3332 1088 3377 etiam
1111 3332 1178 3395 apud
1203 3331 1264 3380 alios

199 3421 294 3458 montes
314 3412 379 3457 inter
397 3409 524 3456 Sosianum
543 3419 568 3455 et
583 3409 708 3456 Persidem
752 3406 938 3456 animadvertes.
959 3436 994 3445 —
1021 3397 1146 3457 Phradati
1166 3410 1264 3458 tradere

198 3489 354 3547 tenentibus,
364 3487 614 3551 exceptuserat.Cum
623 3487 708 3537 Curtio
752 3500 800 3532 eos.
814 3487 926 3535 Freinsh.
940 3489 1032 3535 mavult
1042 3486 1165 3536 Phradati
1172 3504 1264 3553 parere

198 3580 235 3616 est
245 3566 371 3616 Diodorus
385 3577 409 3612 et
419 3566 539 3613 Plutarch.
551 3581 603 3629 cap.
617 3574 658 3622 44.
672 3593 708 3602 -
753 3578 802 3624 eos,
812 3566 925 3612 etc.Nam
933 3566 1013 3613 latinae
1019 3567 1173 3630 lingua-ausus
1181 3577 1267 3630 postu·

199 3646 298 3696 Sentire.
307 3645 551 3707 Martialis,Spectac.
560 3659 588 3703 17
599 3661 624 3690 2«
632 3645 707 3706 Quod
751 3639 817 3689 labat
832 3643 911 3701 tradi,
933 3661 985 3692 non
1001 3645 1107 3693 tradere.
1121 3647 1263 3710 Autophra-

197 3728 254 3791 plus
273 3735 297 3772 et
316 3724 422 3787 supplex
442 3723 541 3786 elephas
555 3732 592 3783 te,
613 3724 707 3784 Caesar,
752 3719 832 3768 datem
843 3723 927 3769 saltem
937 3733 1055 3787 satrapam
1067 3724 1098 3771 iis
1108 3724 1192 3783 dedit,
1204 3734 1265 3772 utet

198 3805 298 3861 adorat,
310 3803 357 3849 Hic
366 3801 442 3849 modo
456 3801 499 3864 qui
513 3811 583 3848 tauro
596 3811 643 3848 tam
654 3819 706 3849 me·
751 3800 1023 3863 Tapuris.Arrian.llI,
1034 3804 1260 3858 24.-Instau'va.

197 3883 304 3932 tuendus
322 3892 394 3928 erat:
412 3881 471 3930 Non
483 3880 540 3927 saort
552 3880 620 3928 hoc
611 3897 706 3941 Jussus3
751 3880 781 3926 In
798 3897 826 3928 ea
837 3891 926 3940 castra
942 3882 1028 3929 unde
1020 3898 1048 3928 m
1059 3876 1162 3928 Mardos
1176 3898 1263 3929 excur-

196 3961 314 4023 nulloque
340 3960 442 4007 docente
466 3959 602 4021 magistro,
628 3960 706 4008 Crede
751 3969 829 4018 reret,
840 3960 885 4007 ub1
894 3961 1067 4025 impedimenta
1080 3976 1137 4007 cum
1148 3952 1275 4024 praesidio

195 4041 273 4091 mibi.
292 4055 385 4087 numen
404 4038 476 4086 sentit
495 4047 519 4085 et
537 4038 589 4101 ipse
607 4049 706 4088 tuum.»
751 4040 890 4102 reliquerat.
