2662 4836
482 369 641 433 LIBER
674 369 737 432 Vl.
1101 377 1139 440 51

70 487 231 557 Philotas
259 485 442 557 adhibitus
470 512 547 556 non
576 499 648 571 est,
676 487 937 557 Nicomachum
962 489 1144 564 introduci

61 596 180 691 jubet.
207 602 244 667 Is
276 597 421 682 eadem,
457 620 536 692 quae
564 595 742 666 detulerat
772 596 816 666 ad
843 623 985 695 regem,
1015 601 1141 674 ordine

67 708 249 804 exposuit.
276 712 360 777 Erat
384 710 551 776 Craterus
576 707 652 802 regi
677 729 779 775 carus
804 707 841 775 in
867 710 1008 803 paucis,
1038 726 1080 781 ct
1097 738 1141 783 eo
1170 739 1183 769 2

68 816 236 902 Philota,
254 815 303 886 ob
319 816 582 885 aemulationem
597 813 795 910 dignitatis,
814 815 1001 903 adversus3
1019 845 1142 916 neque
1169 829 1183 874 ³

66 925 278 1021 ignorabat,
303 949 395 1023 saepe
424 922 618 994 Alexandri
642 923 788 993 auribus
812 924 922 994 nimia
946 927 1141 1021 jactatione

67 1036 213 1104 virtutis
227 1050 336 1131 atque
351 1057 470 1132 operae
487 1057 632 1129 gravem
651 1031 777 1120 fuisse,
793 1048 830 1103 et
847 1033 894 1104 ob
911 1060 952 1105 ea
967 1062 1042 1108 non
1060 1042 1141 1137 qui-

66 1144 150 1214 dem
167 1144 330 1229 sceleris,
355 1141 419 1214 sed
438 1143 669 1213 contumaciae
686 1156 808 1212 tamen
824 1168 901 1214 esse
921 1164 1139 1245 suspectum.

66 1259 151 1325 Non
171 1255 277 1323 aliam
296 1249 512 1351 premendi
504 1252 640 1320 inimici
654 1252 879 1321 occasionem
896 1255 1074 1348 aptiorem
1089 1257 1141 1328 fu·
1168 1278 1183 1324 t

67 1379 189 1434 turam
217 1378 333 1447 ratus,
366 1361 450 1431 odio
477 1385 544 1430 suo
571 1360 713 1484 pietatis
741 1359 933 1457 praeferens
961 1369 1138 1462 speciem:

66 1477 269 1552 «Utinam,
293 1473 430 1568 inquit,
452 1473 490 1540 in
507 1471 686 1568 principio
705 1494 854 1566 quoque
876 1470 981 1566 hujus
1001 1477 1055 1544 rei
1074 1501 1140 1548 no·

64 1587 208 1657 biscum
233 1583 477 1655 deliberasses.
508 1582 766 1665 Suasissemus,
798 1580 828 1648 si
858 1582 1006 1652 Philotae
1030 1586 1139 1657 velles
1166 1602 1181 1647 -5

66 1698 272 1792 ignoscere,
301 1692 475 1789 patereris
500 1691 621 1787 potius
642 1689 808 1784 ignorare
831 1714 934 1776 euni,
962 1710 1139 1788 quantum

64 1805 219 1875 deberet
233 1802 313 1888 tibi,
335 1825 445 1898 quam
461 1824 575 1894 usque
592 1798 636 1868 ad
652 1799 778 1868 mortis
793 1814 930 1869 metum
945 1801 1139 1876 adductum

65 1941 235 2012 cogeres,
264 1914 385 2012 potius
404 1911 449 1981 de
467 1909 629 2007 periculo
650 1934 737 1990 suo,
763 1933 873 2004 quam
896 1910 941 1981 de
960 1927 1024 1983 tuo
1044 1919 1138 2014 cogi-

64 2123 142 2169 iectis.
156 2121 250 2168 Latinis
259 2120 356 2180 utrique
371 2116 445 2164 amici
458 2117 580 2165 dicuntur.
625 2115 754 2161 Ptolemaeo
763 2125 786 2160 et
793 2115 937 2163 Aristobulo
948 2118 1033 2180 refert,
1043 2137 1138 2185 regem,

102 2217 127 2248 a.
151 2203 265 2249 Crateuas
284 2196 336 2261 regi
353 2213 421 2243 carus
440 2195 464 2242 in
479 2196 577 2260 paucis
622 2196 672 2253 jani
687 2195 713 2240 iu
731 2195 835 2256 AEgypto
851 2194 881 2240 de
897 2195 994 2244 insidiis
1012 2216 1025 2244 a
1041 2200 1138 2250 Philota

64 2282 191 2327 Summam
201 2277 335 2324 Alexandri
345 2275 445 2338 gratiam
456 2274 579 2321 habehant
623 2272 712 2334 paratis
720 2271 849 2318 certiorem
856 2272 943 2319 sactum
948 2286 1069 2339 propter
1078 2295 1137 2326 ami

65 2358 249 2445 Hephaestion
237 2357 391 2403 etCraterus
400 2344 578 2419 respiramen
623 2348 868 2396 citiamethonorem
877 2367 968 2412 ,quem
979 2352 1136 2405 Parmenioni

62 2436 198 2504 '‘2'qu
218 2451 260 2482 m
244 2420 349 2483 >⁹¹¹
314 2437 337 2494 η
326 2437 395 2495 Ἱμμι
415 2420 575 2498 „pagan
533 2450 577 2482 m
622 2427 743 2484 habebat,
757 2436 781 2473 et
792 2425 907 2474 hducram
922 2429 954 2476 de
966 2430 1086 2479 Philota
1079 2452 1135 2497 ipso

64 2509 214 2579 nmaidei,
232 2531 274 2561 ‘ror
287 2499 333 2580 ,teir
347 2500 519 2576 ‘Home-qim
534 2518 577 2576 φι-
622 2518 777 2570 conceptam,
790 2506 1091 2560 nihilcredereroluisse.
1099 2542 1135 2552 —-

63 2585 234 2687 λαλέξαιδμι
254 2609 328 2654 errat,
351 2609 392 2639 ror
376 2579 442 2639 de
462 2580 577 2659 Kpa‘ltpdr
620 2584 683 2631 Esse
701 2594 846 2647 suspectum.
866 2588 976 2634 Priorem
996 2605 1082 2638 vocem
1102 2610 1133 2641 ex

64 2664 244 2742 praeamata.
257 2672 378 2720 Plutarch.
386 2671 457 2716 Alex
473 2686 524 2731 cap
536 2679 576 2730 47.
620 2665 736 2712 omnibus
755 2666 830 2711 ferme
849 2666 928 2715 Codd.
948 2670 1055 2732 inserui,
1076 2688 1132 2720 cum

101 2759 125 2804 3.
143 2754 228 2803 Nimia
240 2753 320 2818 jacta
322 2752 375 2798 ione
391 2748 488 2795 vitaretis
502 2761 576 2812 arque
619 2742 784 2791 Schmiedero.

62 2853 149 2900 operae.
156 2833 279 2896 Expraeda
289 2831 354 2894 apud
364 2832 506 2876 Damascum
516 2829 575 2873 sacta
656 2821 822 2878 hiemandi,
831 2823 1131 2889 opprimendi3perdendi

64 2915 154 2961 mulier
173 2911 298 2974 quaedam,
317 2908 456 2970 Antigone,
474 2904 575 2952 Philotae
619 2900 721 2947 Philotae
731 2903 1034 2964 opportunitatem—In
1042 2907 1131 2971 prinei·

61 3003 184 3050 cesserat,
197 2993 360 3051 cujueamore
374 2997 459 3049 captus
474 2985 501 3030 in
515 3001 574 3031 vino
612 2980 666 3044 pio
686 2982 825 3042 Antequam
846 2992 870 3029 et
890 2984 997 3032 Philotas
1016 2990 1130 3048 coujura-

63 3074 181 3138 gloriatus
196 3081 260 3125 erat,
274 3069 390 3115 maximas
402 3081 483 3112 rerum
497 3075 574 3127 gesta·
618 3059 711 3104 tionem
725 3060 866 3121 patefactam
881 3061 1001 3117 sciret,et
1013 3079 1056 3110 rex
1069 3067 1131 3114 dex-

63 3170 120 3201 rum
129 3153 178 3199 sibi
187 3161 211 3197 et
220 3150 285 3213 patri
296 3164 341 3194 suo
351 3146 447 3202 deberi
457 3134 574 3203 Ἀλέξαι-
618 3147 679 3183 tram
692 3136 850 3183 reconciliatae
861 3139 942 3200 gratiae
953 3140 1043 3203 pignus
1056 3145 1131 3192 obtu-

63 3222 126 3324 dher·
124 3218 306 3314 depraedator
305 3216 440 3283 απεκιὲλιι,
452 3210 479 3270 dl
488 3211 575 3286 edim

63 3330 96 3360 ro
119 3311 166 3366 ras
189 3303 272 3373 ιὶρχκς
295 3295 372 3371 diepa
396 3318 573 3369 καρπουμειοι.

62 3394 123 3438 Haec
131 3390 230 3436 Cratero
243 3397 266 3432 et
277 3403 328 3449 regi
320 3381 515 3429 'deferebantun
524 3382 576 3426 An·

62 3465 161 3525 tigoue‚
176 3469 202 3506 ut
214 3471 372 3520 mentuque
383 3470 415 3498 ex
426 3453 521 3498 Philota
532 3467 574 3498 au-

62 3541 145 3587 ditura
157 3547 233 3591 esset
245 3535 277 3581 ad
288 3535 368 3597 regem
380 3533 483 3578 deferret
488 3529 574 3590 ,juhe-

62 3620 145 3667 betur
153 3615 274 3664 Philotas
267 3631 304 3660 rna
294 3613 382 3659 idias
375 3626 499 3675 ignorans
505 3604 572 3663 eviii

63 3715 96 3754 τη
105 3685 242 3761 Μιγᾶνη
260 3683 353 3739 πολλοὶ
366 3689 409 3737 zui
421 3705 486 3757 προς
496 3705 572 3755 ιργηι

62 3798 108 3826 uus
99 3760 302 3842 μεγαλαυχίαν
312 3759 384 3819 narei
393 3765 438 3817 reia
448 3763 573 3827 βασιλέως

59 3836 574 3927 ῥέμαῖκκαιλογουςάιεπηηὸειιυςπμ·

59 3928 162 3987 i't'rerroc.
182 3931 322 3980 Alexander
339 3940 433 3985 aut,em
453 3929 489 3974 ira
505 3927 573 3972 cohi·

60 4016 129 4070 bita,
141 4013 224 4060 omnia
235 4011 331 4058 silentio
343 4007 443 4071 tegebat.
453 4006 573 4052 Plutarch.

617 3215 692 3263 iisset.

606 3315 610 3337 t
654 3296 679 3341 5.
695 3292 778 3338 Potius
791 3292 1003 3355 depericulosuo.
1022 3301 1069 3348 Pro
1078 3318 1128 3366 po,

617 3370 664 3419 tius
673 3383 778 3433 quatuor
784 3371 863 3418 Codd.
872 3373 969 3437 sapius.
981 3379 1071 3433 Sensus
1080 3394 1127 3430 est:

618 3451 739 3509 Philotas,
756 3452 799 3512 qui
813 3453 875 3515 regis
889 3454 1054 3506 interficiendi
1067 3477 1128 3508 con·

617 3530 699 3575 silium
717 3530 829 3589 admisit,
851 3547 902 3579 non
920 3551 979 3582 sane
993 3554 1127 3589 memorem

617 3609 731 3656 beneficii
744 3610 780 3655 tui
793 3611 903 3658 animuin
919 3613 1035 3675 habebit,
1047 3620 1068 3664 si
1080 3621 1128 3683 ipsi

616 3690 771 3752 peperceris:
793 3700 885 3738 tantum
904 3693 934 3739 de
955 3696 1064 3756 periculo
1081 3715 1127 3747 suo

616 3767 741 3830 cogitabit3
750 3769 886 3830 periculum
894 3782 972 3817 autem
982 3789 1053 3820 auum
1060 3792 1128 3824 nunc

618 3849 745 3906 majuseat,
752 3864 823 3909 quam
832 3860 886 3895 ante
895 3853 981 3902 tuerat:
990 3869 1041 3900 nou
1050 3859 1128 3905 nescit

618 3928 699 3986 enim,
716 3939 858 3992 consumpta
872 3930 1053 3992 misericordia,
1070 3936 1127 3983 uul-

617 4005 664 4051 lam
685 4021 760 4068 super
779 4022 848 4069 spem
868 4009 944 4054 veniae
963 4011 1022 4060 lore.
1043 4017 1127 4078 Itaque

60 4090 533 4154 Alex.cap.48,49,Arrianuequoque
542 4100 575 4130 ex
618 4085 747 4133 consilium
762 4086 889 4147 parricidii
903 4104 986 4135 rursus
998 4093 1128 4153 molietur,

937 4172 968 4243 4.
