2662 4836
595 116 609 145 Χ

424 320 577 387 LIBER
606 321 668 387 vr.
1041 349 1080 416 17

100 459 175 524 eos,
191 435 502 533 Peloponnesum,
515 460 672 533 quorum
686 435 754 508 alia
767 435 879 511 ductu
889 462 990 528 meo,
1008 441 1076 515 alia

100 546 161 625 erio
181 547 414 644 auspicioque
435 545 651 643 perdomui:
676 570 757 617 ecce
779 548 852 618 orsi
873 547 1010 621 bellum
1031 555 1077 626 ah
1107 559 1122 604 ³

100 671 264 754 esponto,
279 661 400 743 Ionas,
416 653 608 743 AEolidem,
621 657 764 727 servitio
778 656 952 730 barbariae
963 663 1079 759 impo-

99 789 121 865 s
148 764 376 836 exemimus:
407 764 571 850 Cariam,
595 763 768 860 Lydiam,
799 767 1079 865 Cappadociam,

99 875 224 970 tgiam,
243 871 538 971 Paphlagoniam,
555 873 821 972 Pamphyliam,-
835 878 987 967 Pisidas,
1000 882 1081 952 Cili-

99 1035 121 1070 .,
139 984 298 1079 Syriam,
315 982 532 1069 Phoenicen,
548 984 771 1070 Armeniam,
789 987 989 1076 Persidem,
1005 996 1080 1063 Me·

112 1090 332 1163 Parthienen
345 1090 520 1161 habemus
531 1092 570 1161 in
582 1106 781 1189 potestate;
798 1092 920 1190 plures
932 1101 1080 1194 provin·
1110 1118 1125 1167 t

105 1202 316 1299 complexus
340 1224 440 1286 stim,
464 1224 575 1296 quam
601 1200 661 1271 alii
684 1201 792 1273 urhes
816 1223 1019 1302 ceperunt:
1045 1225 1082 1282 et

99 1311 154 1398 io,
176 1333 223 1380 an
244 1310 471 1380 enumeranti
493 1306 582 1377 mihi
600 1309 761 1405 quaedam
783 1311 941 1407 ipsarum
959 1340 1081 1388 rerum

98 1418 210 1490 :itudo
229 1417 450 1488 subduxerit.
470 1422 599 1513 Itaque
623 1419 653 1487 si
669 1416 875 1508 crederem,
898 1424 982 1494 satis
1005 1449 1080 1497 cer·
1111 1441 1125 1487 ⁵

102 1553 182 1600 esse
194 1527 457 1625 possessionem
471 1541 664 1614 terrarum,
682 1551 772 1622 quas
785 1542 884 1600 tanta
894 1531 1082 1605 velocitate

98 1640 241 1724 nimus,
263 1662 329 1734 ego
345 1662 451 1722 vero,
476 1634 629 1723 milites,
653 1635 698 1705 ad
716 1653 866 1734 penates
888 1664 1011 1731 meos,
1036 1645 1081 1714 ad

98 1762 205 1836 :ntem
217 1759 494 1842 sororesque,et
503 1758 641 1813 ceteros
651 1745 830 1832 cives,vel
839 1749 1082 1823 retinentibus

99 1882 133 1944 s,
152 1876 401 1952 erumperem,
415 1868 455 1922 ut
474 1850 525 1921 ibi
539 1851 764 1948 potissimum
779 1869 882 1952 parta
895 1855 1083 1931 vobiscum

98 1991 121 2037 e
148 1980 184 2036 et
209 1962 320 2063 gloria
346 1961 505 2048 fruerer,
538 1959 601 2030 uhi
629 1985 695 2031 nos
720 1960 904 2034 uberrima
927 1967 1084 2038 victoriae

97 2078 163 2146 mia
180 2086 409 2172 exspectant,
427 2071 649 2156 liberorum,
667 2071 860 2168 conjugum
877 2092 1084 2170 parentum·

104 2189 242 2272 laetitia,
259 2210 344 2283 pax,
358 2185 476 2281 quies,
493 2207 617 2253 rerum
635 2206 702 2279 per
717 2182 889 2255 virtutem
903 2202 1087 2282 partarum

97 2322 143 2367 ua
168 2294 355 2393 possessio.
387 2292 458 2363 Sed
483 2294 519 2362 in
544 2317 663 2379 novo,
690 2305 727 2362 et
754 2291 806 2386 (si
832 2316 959 2365 verum
984 2294 1088 2368 fateri
1125 2307 1141 2357 6

97 2405 204 2498 imus)
222 2402 386 2502 precario
405 2401 581 2499 imperio,
602 2397 719 2471 adhuc
734 2401 860 2496 jugum
879 2403 956 2496 ejus
975 2403 1090 2501 rigida

97 2518 159 2587 rice
175 2512 416 2585 subeuntibus
432 2511 612 2597 barbaris,
628 2524 813 2605 tempore,
828 2510 977 2599 milites,
996 2537 1088 2610 opus

96 2687 136 2735 Ab
151 2685 313 2748 Hellesponto.
333 2684 373 2732 Sic
390 2684 454 2731 clare
467 2698 533 2731 unua
578 2682 700 2729 recensuit
712 2683 856 2744 AEgypturn,
869 2682 1088 2746 Mesopotamiam,

96 2784 122 2826 ι;
142 2776 247 2829 quatuor
260 2764 302 2811 alii
318 2764 354 2811 ad
363 2764 532 2826 Hellesponto5
578 2761 724 2824 Assyriam
748 2760 926 2824 Babyloniam,
952 2763 1090 2812 Susianam.

102 2847 186 2894 verior
204 2845 276 2892 lectio
294 2845 351 2891 eatis
366 2853 440 2906 patet.
453 2843 534 2906 Vulgo
579 2838 1086 2905 RudenetFrobemmalehant:quasdam.

96 2925 248 2988 desperatum.
256 2949 292 2960 -
299 2924 383 2971 Nostri
390 2921 535 2985 quoqueha·
602 2928 606 2943 ⁸
615 2919 639 2966 5.
647 2917 817 2967 detinentibus.
826 2919 909 2983 Vulgo
917 2920 1087 2969 renuentibus:

96 3023 98 3052 t
112 3021 192 3052 orsum
210 3003 297 3050 bellum
312 3018 359 3066 pro
373 3001 422 3048 orsi
435 3001 531 3049 bellum.
579 2998 622 3045 aed
632 2998 762 3046 lectionem
773 3014 884 3046 meorum
896 2999 974 3048 Codd.
986 3002 1088 3064 praetuli.

96 3101 134 3149 qq.
149 3083 251 3132 nomina
267 3082 462 3145 provinciarum,
477 3095 535 3145 geo·
614 3077 639 3124 6.
647 3076 765 3123 Precario
774 3075 881 3139 imperio.
893 3079 968 3140 Quod
978 3080 1047 3141 quasi
1057 3079 1089 3126 da

96 3165 133 3212 tiae
146 3162 286 3211 &historia
298 3162 440 3218 immemor,
452 3162 484 3208 im
496 3176 534 3207 η.
578 3152 739 3201 harbarorum
753 3153 855 3201 arbitrio
867 3156 994 3218 penderet.
1008 3157 1088 3214 Nam,

96 3247 133 3306 te,
145 3254 173 3291 ut
186 3247 260 3291 Ionas
273 3252 329 3289 aute
340 3241 475 3299 Kolidem,
488 3240 534 3288 Ca-
578 3245 606 3281 ut
622 3246 686 3282 recte
705 3235 899 3294 Freinshemius,
920 3258 932 3277 «ι
942 3252 1089 3300 quamquam

96 3322 278 3386 anteLy‘diam,
289 3320 470 3383 Cappadociam
481 3329 537 3366 ante
580 3315 668 3361 Darius
685 3315 779 3378 magnis
798 3315 891 3377 aliquot
907 3315 998 3378 praeliis
1012 3316 1090 3364 victua

95 3403 172 3467 giam,
189 3400 378 3464 Paphlagoniam
397 3408 452 3445 ante,
466 3400 536 3445 Pam.
580 3402 646 3452 erat,
660 3393 747 3439 multae
761 3403 842 3439 tamen
859 3394 971 3441 nationes
984 3393 1090 3443 hahebat

97 3497 137 3528 am
152 3487 360 3527 commemoraret.
373 3480 404 3524 In
417 3477 536 3540 scriptore
580 3470 607 3517 id
616 3470 746 3534 imperium
755 3506 762 3529 ‚
771 3486 876 3533 quarum
882 3487 1032 3535 unaquaeqne
1040 3475 1090 3520 auia

95 3559 180 3609 tutiori
202 3575 254 3606 non
272 3558 340 3605 facile
358 3556 487 3603 nominum
502 3555 538 3601 sic
580 3548 676 3596 virihua
685 3548 776 3595 bellum
785 3566 869 3612 gerere
877 3561 961 3598 contra
973 3552 1090 3600 Macedo·

96 3648 98 3655 '
112 3640 144 3688 de
159 3639 279 3687 industria
293 3648 383 3684 temere
396 3635 537 3682 commistoa
581 3644 625 3675 nea
636 3628 762 3696 potuisset.
774 3632 858 3691 ltaque
872 3640 936 3677 recte
947 3630 1020 3688 dicit,
1033 3647 1090 3694 pre·

95 3718 236 3782 exemplum
250 3716 363 3780 reperies.
377 3713 538 3762 Excuecndue
583 3708 648 3754 cario
657 3707 740 3770 potina
751 3707 855 3770 imperio
865 3724 904 3754 eas
915 3711 1004 3766 teneri,
1018 3725 1092 3772 quam

95 3807 154 3845 neat
164 3814 170 3845 ε
180 3812 233 3846 uon
242 3805 338 3853 auctor,
347 3794 390 3842 aed
398 3792 539 3841 Alexander
582 3787 618 3844 vi,
633 3786 654 3832 ai
667 3801 752 3832 verum
764 3787 834 3833 lateri
848 3797 983 3850 opporteat.
998 3788 1092 3849 Quam·

95 3887 146 3923 mr,
584 3880 656 3928 quam
664 3864 731 3911 enim
741 3875 825 3928 postea
835 3865 865 3916 de
875 3867 949 3912 armis
959 3866 1009 3912 auia
1019 3867 1094 3927 subji-

106 3953 233 4018 Quoedam.
251 3944 346 4001 Scilicet
362 3949 463 3998 nomina
480 3964 539 4012 pro·
584 3943 774 4006 ciat‚·intelligit
791 3954 872 3991 tamen
887 3944 918 3991 ad
930 3944 1094 4009 obtinendum

95 4048 174 4080 amm.
184 4030 338 4080 Nomiuatim
349 4045 444 4092 exemp.
456 4045 477 4076 c.
488 4044 540 4075 uon
585 4033 679 4071 tantum
693 4023 824 4086 imperium
838 4023 895 4088 plus
909 4024 1010 4072 terroris
1026 4040 1093 4081 esse,

114 4123 159 4187 II.
901 4184 904 4189 ,
920 4138 937 4180 a
