2662 4836
498 317 740 388 sinuavi.
817 378 819 383 .
1033 291 1038 297 ’
1133 352 1152 415 7

81 431 139 502 cul
155 435 351 509 missilibus
367 436 624 533 appetebatur,
650 463 692 508 ea
715 438 792 534 ipsa
813 439 851 509 in
872 437 1013 509 hostem
1037 455 1152 511 retor-

81 566 218 638 quens,
240 543 359 617 donec
374 545 499 617 lancea
517 545 616 619 nudo
634 549 771 644 pectori
787 548 899 620 infixa
918 564 997 620 est:
1018 574 1090 646 qua
1110 576 1155 622 ex

82 651 237 725 vulnere
255 655 395 738 evulsa,
420 655 634 726 inclinatum
651 681 693 729 ac
711 655 882 729 deficiens
899 674 1007 756 caput
1025 658 1154 756 clypeo

81 762 268 862 paulisper
288 766 449 866 excepit;
477 764 632 849 deinde,
659 766 848 863 linquente
871 768 1000 865 spiritu
1020 769 1155 865 pariter
1200 805 1201 808 ¹

81 893 123 938 ac
135 873 330 968 sanguine,
343 874 584 946 moribundus
598 876 637 946 in
652 901 750 947 uma
764 875 968 974 procubuit.
983 877 1154 950 Cecidere
1165 901 1196 948 16

81 980 441 1055 Lacedaemoniorum
464 1011 486 1053 v
511 985 622 1056 millia
648 1000 684 1055 et
712 1009 793 1073 ccc,
820 1011 867 1057 ex
895 986 1155 1058 Macedonibus

80 1089 181 1162 haud
194 1093 348 1191 amplius
360 1095 475 1183 mille;
489 1111 649 1168 ceterum
663 1098 723 1166 vix
734 1095 927 1193 quisquam
937 1096 1005 1166 nisi
1015 1098 1156 1168 saucius

80 1205 235 1288 revertit
261 1205 300 1274 in
328 1221 452 1277 castra.
473 1211 555 1277 Haec
578 1206 727 1277 victoria
754 1230 830 1278 non
855 1210 1019 1302 Spartam
1045 1206 1156 1277 modo

81 1314 272 1410 sociosque
289 1315 387 1408 ejus,
404 1314 468 1385 sed
488 1315 596 1386 etiam
615 1339 762 1402 omnes,
782 1316 847 1412 qui
864 1313 1048 1387 fortunam
1067 1316 1156 1388 belli

82 1438 348 1518 spectaverant,
370 1421 487 1521 fregit.
503 1429 579 1498 Nec
595 1424 741 1496 fallebat
755 1425 1003 1521 Antipatrum,
1019 1424 1196 1513 diesen-17

82 1534 152 1606 tire
168 1535 216 1606 ab
234 1522 363 1605 animis
379 1535 639 1632 gratulantium
656 1535 798 1619 vultns;
817 1535 880 1604 sed
896 1533 1032 1603 bellum
1049 1534 1157 1606 finire

83 1647 248 1743 cupienti
257 1671 349 1744 opus
359 1662 435 1719 erat
447 1646 586 1745 decipi:
601 1660 636 1717 et
646 1666 868 1742 quamquam
879 1641 1024 1713 fortuna
1033 1668 1158 1714 rerum

82 1754 271 1851 placebat,
295 1755 467 1826 invidiam
487 1771 631 1843 tamen,
658 1755 744 1851 quia
771 1752 928 1847 majores
949 1778 1008 1824 res
1032 1769 1156 1841 erant,

122 1917 164 1963 16.
179 1914 417 1963 Lacedaemoniorum
439 1915 465 1960 7
477 1914 556 1962 millia
576 1924 600 1962 et
643 1915 720 1962 simus
736 1914 815 1962 Curtii
838 1914 974 1978 interpres,
993 1916 1107 1980 Vosquiz
1126 1917 1157 1965 de

85 1993 162 2051 CCC,
177 2009 211 2043 ex
225 1993 398 2041 Macedonibus
410 1992 481 2041 laud
494 1992 598 2059 anplius
643 1993 751 2054 hocne,
761 1994 1072 2058 Lusitanus,cujusgsllica
1079 2005 1157 2044 uano

12 2086 15 2090 ’
82 2073 163 2127 mille,
186 2083 232 2120 etc.
258 2073 425 2121 Numerorum
446 2073 548 2120 varietas
571 2073 598 2119 in
642 2075 713 2132 letio,
732 2073 833 2133 Corolo,
851 2073 1000 2137 Burgundios
1017 2074 1075 2122 duci
1091 2092 1156 2123 nnn·

85 2150 167 2202 codd.
182 2153 290 2201 maxime
304 2163 355 2213 est,
370 2162 412 2212 ut,
425 2153 469 2215 qui
480 2152 532 2199 veri
545 2153 598 2199 fue·
643 2163 746 2216 cupata,
758 2152 853 2216 prodiit
864 2168 932 2200 anno
950 2153 1029 2213 1503,
1050 2154 1156 2203 Parisiis.

83 2232 148 2292 rint,
162 2248 216 2280 nou
227 2233 295 2281 boile
309 2231 364 2296 quis
380 2242 457 2279 eruat.
474 2232 526 2295 Ego
538 2247 599 2280 vero
643 2232 687 2280 llle
704 2232 752 2280 boc
764 2232 820 2279 loeo
834 2231 926 2279 habet:
943 2231 1020 2280 uulso
1038 2232 1157 2282 cbeurent

84 2328 230 2375 persuasum
251 2301 332 2360 babeo
356 2327 495 2376 germanam
520 2310 600 2360 Curtii
643 2313 722 2360 utrois
739 2311 806 2360 mille
821 2312 878 2374 cinq
890 2311 1072 2373 Laeedemons,
1086 2323 1110 2360 et
1124 2313 1155 2361 de

85 2394 232 2441 sententiam
245 2391 313 2456 apud
326 2402 425 2440 nostros
434 2393 509 2455 liegg.
519 2391 598 2439 Csdd.
644 2390 797 2439 «Macedone
808 2407 858 2454 ung
868 2407 919 2454 pou
931 2391 987 2454 plus
998 2390 1028 2437 de
1040 2391 1133 2439 millen

86 2472 207 2535 reperiri,
228 2472 272 2534 qui
285 2481 364 2520 totum
376 2471 459 2519 locum
472 2470 599 2530 scribunt,
675 2469 852 2532 17.Dissentire
857 2460 1156 2533 abanimisgmtulantium

84 2562 113 2598 ut
125 2551 179 2614 ipse
193 2551 222 2599 iu
239 2560 308 2599 textu
324 2550 419 2599 admisi.
436 2551 476 2598 Sic
486 2551 600 2611 Curtius,
643 2549 736 2597 uultus.
751 2549 868 2612 Quaedam
882 2549 923 2596 hic
932 2548 1018 2596 deesse
1032 2549 1155 2597 existima-

85 2632 113 2678 in
125 2647 156 2680 eo
171 2631 257 2679 saltem
271 2629 340 2694 quod
358 2630 390 2678 ad
404 2630 600 2678 Lacedaemonios
643 2629 685 2676 bat
696 2627 820 2687 Pandarus,
830 2628 888 2691 qnia
898 2627 964 2675 nulla
974 2627 1067 2675 mentio
1079 2638 1115 2675 est
1124 2628 1155 2675 de

84 2709 211 2772 pertinet,
241 2724 299 2756 cum
324 2707 436 2756 Diodoro
461 2709 600 2766 consentit,
643 2711 724 2757 missis
738 2709 855 2758 eGraeeis
863 2709 959 2772 legatis,
973 2708 1016 2772 qui
1028 2709 1154 2756 victoriam

84 2788 176 2846 XVII,
186 2789 231 2836 63.
243 2787 294 2848 Qui
304 2802 362 2834 vero
372 2787 477 2836 ccoLx
484 2803 531 2850 pro
540 2786 600 2835 CCC
643 2791 776 2853 Antipatro
785 2789 977 2853 gratularentur3
994 2787 1053 2846 sed,
1068 2799 1096 2836 ut
1108 2805 1155 2836 no·

84 2882 118 2913 ex
135 2865 326 2912 Lacedaemoniis
341 2867 435 2913 occisos
449 2865 599 2925 retulerunt,
644 2868 703 2917 tavit
723 2868 922 2925 Freinshemius,
947 2867 1001 2930 ipse
1021 2868 1156 2932 intelligere

85 2945 216 2993 manifesto
226 2960 309 2993 errore
318 2945 428 3009 legerunt
438 2947 482 2992 Lx
491 2960 538 3008 pro
546 2946 599 3003 Ex,
643 2965 687 3013 per
705 2958 732 3015 te
746 2958 832 3011 potes,
850 2962 893 2995 eos
907 2946 1069 3010 (gratulantes
1082 2948 1155 2995 Auti-

83 3025 260 3088 praepositioue
273 3040 362 3089 nempe
378 3042 432 3088 quae
450 3024 600 3073 adverbum
643 3039 714 3093 patro
724 3027 867 3085 victoriam,
878 3026 988 3087 quamvis
999 3025 1080 3088 ipsum
1090 3027 1156 3073 vinci

85 3105 277 3162 Macedonibus,
294 3105 421 3153 referenda
435 3114 479 3152 est.
495 3106 532 3152 De
544 3105 599 3151 Ma·
643 3102 798 3168 maluissent)
810 3114 834 3151 et
843 3105 990 3168 coramipso
1000 3104 1108 3162 stetisse,
1119 3115 1156 3164 et,

85 3185 225 3234 cedonibus
236 3187 312 3243 3,500
324 3185 441 3233 cecidim
452 3184 526 3232 refert
539 3185 599 3234 Dio·
644 3196 672 3234 ut
680 3186 761 3250 ipsum
773 3184 949 3242 convenirent,
959 3184 1081 3247 profectos
1091 3201 1156 3245 esse,

85 3265 177 3327 dorus;
191 3265 235 3312 sed
245 3266 267 3312 si
277 3266 344 3313 hunc
354 3280 485 3316 numerum
497 3264 601 3312 admise·
644 3283 676 3313 ex
692 3281 779 3313 eorum
793 3263 932 3311 civitatibus
945 3272 969 3308 et
981 3263 1093 3310 aedihus:
1111 3265 1157 3313 ista

85 3344 134 3402 ris,
148 3354 249 3394 cruenta
259 3361 317 3392 sane
328 3345 374 3392 fnit
384 3344 552 3393 Macedonum
562 3344 600 3391 vi·
644 3361 703 3392 vero
715 3344 798 3393 omnia
808 3357 1000 3390 commemorare
1008 3342 1123 3405 putidum
1133 3355 1158 3391 et

85 3425 170 3472 ctoria.
181 3424 294 3472 Verbum
309 3424 376 3473 mille
392 3424 460 3487 quod
479 3441 493 3472 a
509 3423 600 3472 nostris
644 3424 738 3488 puerile
747 3426 818 3472 foret.
827 3423 891 3470 Nam
901 3421 1033 3481 «brevitati
1040 3425 1160 3471 narratio·

86 3503 159 3551 datur
172 3505 245 3568 plane
259 3522 315 3552 cum
326 3505 408 3552 verbis
421 3503 490 3553 haud
498 3503 601 3569 atrquius
645 3505 684 3552 nis
703 3503 865 3560 inservimus,
885 3501 906 3548 si
924 3501 1004 3549 exitus
1022 3518 1103 3549 rerum
1124 3503 1158 3550 ita

86 3584 213 3647 congruit3
230 3601 261 3632 ex
276 3584 316 3633 his
331 3585 398 3631 enim
411 3583 504 3631 indicat
516 3593 600 3631 noster
644 3581 807 3648 exponimus,
821 3591 913 3629 utente
924 3597 1022 3646 quoque
1035 3583 1158 3645 quae-faeta

85 3678 140 3711 nou
150 3679 210 3710 sane
219 3673 343 3711 cruentam
353 3664 426 3711 frusse
435 3664 600 3712 Macedonum
644 3664 709 3722 sint,
723 3663 782 3710 sciri
797 3661 907 3726 possint,
925 3662 1020 3714 tametsi
1037 3678 1083 3708 nos
1100 3661 1159 3708 reti·

86 3743 224 3791 victoriam.
239 3744 268 3790 Et
280 3743 329 3790 hoo
342 3743 398 3791 loco
411 3755 476 3790 erret
486 3758 559 3802 sane,
573 3753 601 3790 ut
645 3743 775 3790 euerimus.
792 3740 868 3802 Quod
882 3756 976 3803 genus,
992 3741 1014 3787 si
1026 3739 1104 3788 dicam
1119 3757 1158 3787 me

87 3824 188 3886 saepius,
197 3823 370 3870 inaestimanda
379 3821 512 3871 Curtiilide
521 3822 600 3883 histo·
644 3838 676 3868 ex
683 3821 812 3884 provincia
823 3819 936 3879 rediisse,
950 3820 1085 3883 profectum
1096 3836 1158 3883 quo-

62 3890 67 3905 *
87 3901 152 3962 rica,
170 3902 209 3950 vir
220 3903 368 3965 caeteroquin
382 3901 549 3961 doctissimus,
563 3903 601 3948 De
645 3917 693 3964 que
702 3902 730 3947 in
736 3900 889 3964 provinciam
899 3899 1078 3964 intelligatur.»
1088 3901 1158 3958 Haec,

87 3980 233 4041 Sta-Oroia,
245 3981 360 4029 Becaren
370 3979 486 4046 erismae,
501 3998 527 4045 p.
542 3982 601 4044 309.
647 3990 671 4027 et
682 3980 770 4027 merito
780 3978 893 4042 quidem,
907 3988 992 4028 auctor
1003 3978 1157 4028 Rhetorieor.

90 4059 204 4125 Amplius
214 4059 280 4109 mille
289 4061 374 4125 legisse
381 4061 479 4110 videtur
487 4061 603 4127 antiquis·
647 4059 678 4108 ad
690 4061 799 4110 Herenn.
812 4061 836 4115 1,
851 4073 876 4120 9.
