2662 4836
434 341 585 405 LIBER
613 341 675 406 VI.
719 345 722 351 '
1048 343 1086 410 15

97 456 217 554 tylos,
239 456 384 527 condita
405 480 426 526 a
447 457 579 527 Graecis
606 482 614 525 ε
648 454 699 525 ibi
724 454 850 525 stativa
870 479 935 525 rex
959 453 1088 527 habuit

97 565 277 637 meatibus
293 565 457 663 undique
478 566 645 637 advectis.
672 570 800 660 Itaque
818 588 962 651 rumor,
980 565 1089 636 otiosi

97 678 138 750 tis
156 677 308 765 vitium,
331 677 409 748 sine
431 693 579 748 auctore
604 674 836 774 percrebuit,
850 670 972 774 regem
1001 696 1088 749 con·

97 811 157 856 um
180 787 311 875 rebus,
334 811 425 884 quas
441 789 625 884 gessisset,
645 789 682 857 in
697 786 947 858 Macedoniam
965 802 1087 885 prote-

102 897 224 968 redire
241 896 417 968 statuisse.
438 899 655 968 Discurrunt
672 896 867 994 lymphatis
891 897 1024 969 similes
1049 899 1088 968 in
1101 910 1137 956 ιθ

97 1006 265 1093 rnacula,
281 1021 317 1077 et
334 1006 456 1076 itineri
472 1009 628 1078 sarcinas
642 1021 790 1104 aptant:
809 1007 950 1103 signum
965 1007 1089 1079 datum

97 1105 198 1201 ‚eres,
225 1131 266 1185 ut
290 1140 371 1186 vasa
397 1115 616 1212 colligerent.
640 1115 740 1186 Totis
765 1117 887 1186 castris
911 1117 1089 1188 tumultus

97 1225 403 1298 :contubernales
422 1250 506 1296 suos
523 1226 812 1322 requirentium,
830 1225 917 1297 hinc
935 1253 1089 1299 oneran-

96 1364 107 1406 ι
131 1337 313 1434 plaustra,
341 1335 524 1435 perfertur
550 1334 593 1404 ad
620 1358 751 1431 regem.
781 1341 954 1408 Fecerant
978 1337 1132 1412 iidemu

100 1449 157 1517 ori
183 1462 321 1517 temere
349 1446 494 1542 vulgato
523 1444 637 1514 Graeci
665 1443 822 1532 milites,
854 1446 973 1517 redire
1000 1449 1090 1543 jussi

97 1581 168 1643 ios,
194 1571 350 1653 quorum
375 1554 560 1652 equitibus
584 1555 731 1652 singulis
751 1555 983 1628 denariorum
1003 1585 1090 1632 sena

97 1667 240 1737 iadono
253 1667 411 1738 dederat.
424 1665 516 1763 Ipsis
530 1688 677 1760 quoque
692 1663 803 1734 finem
818 1667 951 1737 militiae
966 1668 1089 1748 adesse

97 1778 225 1849 lebant.
237 1779 340 1848 Haud
353 1801 469 1858 secus,
480 1799 589 1872 quam
600 1799 665 1871 par
678 1789 771 1857 crat,
784 1776 930 1847 territus
940 1778 1134 1850 Alexan-a

97 1929 108 1970 ,·
128 1889 192 1984 qui
215 1888 327 1957 Indos
347 1900 455 1981 atque
480 1884 605 1954 ultima
628 1884 788 1954 Orientis
809 1910 999 1983 peragrare
1019 1903 1088 1960 sta·

97 2012 163 2081 set,
184 1995 370 2094 praefectos
388 1995 574 2092 copiarum
592 1995 629 2064 in
651 1996 859 2092 praetorium
878 1998 1060 2069 contrahit
1079 2028 1087 2071 :

97 2105 229 2202 rtisque
248 2103 434 2201 lacrymis,
460 2128 504 2173 ex
523 2101 643 2173 medio
660 2101 778 2198 gloriae
796 2105 911 2202 spatio
927 2110 1090 2178 revocari

97 2275 146 2323 lind
158 2291 251 2322 nomen
268 2273 324 2320 urbi
342 2275 414 2320 alicui
429 2273 531 2320 Partho·
577 2281 680 2319 mortem
689 2274 997 2338 ,ineapotissimnmnrbe
1006 2279 1090 2326 stativa

97 2355 117 2402 b
128 2356 228 2402 Seleuco
237 2355 353 2402 Nicatore
364 2353 472 2400 inditum
484 2364 531 2415 est;
576 2349 684 2398 haberet.

97 2444 130 2483 ist
139 2432 317 2481 Alexandrum.
329 2435 414 2490 Forte,
426 2443 453 2478 ut
463 2432 531 2491 aliis,
615 2430 654 2478 16.
666 2432 733 2478 Vasa
743 2429 891 2495 colligerent.
901 2434 966 2480 Vasa
976 2433 1088 2499 colligere

98 2513 120 2559 ic
130 2529 229 2575 qnoque
238 2511 295 2558 urbi
304 2512 406 2569 accidit,
415 2521 443 2557 nt
453 2512 532 2558 Graeci
577 2509 706 2570 dicuntur,
716 2511 760 2573 qni
767 2511 941 2574 supellectilem
952 2530 1051 2562 omnem
1062 2517 1090 2564 In

97 2593 204 2639 cedones
216 2608 308 2639 nomeu
321 2591 439 2638 orientale
453 2600 532 2638 verte·
577 2589 684 2636 sarcinas
693 2599 861 2652 componunt,
872 2607 947 2654 seque
956 2593 1039 2640 itineri
1049 2613 1091 2658 pa·

97 2687 112 2718 n
124 2688 216 2718 nomen
225 2688 338 2735 graecum.
352 2670 459 2717 Posteris
472 2680 533 2717 tem·
577 2679 645 2729 rant3
660 2668 729 2731 quod
742 2670 815 2717 unico
824 2669 944 2718 vocabulo
958 2686 1090 2729 convasare

97 2751 208 2811 ns,clara
216 2750 284 2798 sedes
292 2750 390 2796 Arsacis
400 2759 464 2807 erat,
476 2751 533 2797 Par·
577 2748 664 2812 saepius
678 2747 782 2803 diuitum
790 2747 859 2812 plier
870 2748 975 2814 bagage.

96 2847 120 2877 m
139 2831 210 2894 regni
230 2829 379 2886 conditoris;
399 2839 423 2875 at
443 2831 463 2876 si
482 2831 533 2889 jam
609 2825 1088 2895 17.Graecimr'lites,redirejussidomos.

97 2909 259 2956 ilexandrum
271 2909 334 2956 clara
348 2908 409 2967 fuit,
424 2909 467 2970 qui
479 2908 533 2972 pri·
577 2904 728 2964 Alexander,
741 2922 817 2968 quum
827 2906 907 2955 adhuc
915 2908 1044 2958 Ecbatanis
1051 2928 1089 2959 es-

97 2989 265 3052 iuropaeorum
274 2988 361 3035 inillas
372 2997 446 3034 terras
460 3004 534 3051 pene·
578 2975 767 3044 instruendos
781 2987 874 3050 equites
886 2997 910 3034 et
924 2989 1032 3053 reliquos
1048 3008 1090 3040 so·

100 3103 107 3128 ,
117 3069 211 3115 nemini
220 3085 237 3114 a
248 3067 339 3115 Graecis
346 3067 468 3114 conditam
478 3083 535 3130 pro·
578 3065 629 3110 cios
643 3064 705 3130 (hoc
713 3074 761 3123 est,
770 3065 879 3124 Graeos,
891 3082 997 3128 quornm
1004 3068 1090 3117 alacri·

101 3162 108 3205 ;
129 3163 183 3210 quae
196 3146 275 3195 Curtii
289 3147 392 3209 opinio,
410 3163 441 3192 ex
456 3162 535 3210 greco
578 3153 652 3191 tatem
667 3143 700 3191 ad
713 3144 872 3207 perferendos
883 3144 980 3193 labores
989 3147 1089 3196 bactani

97 3227 188 3274 riorum
197 3238 336 3289 temporum
349 3227 465 3286 nomine,
479 3239 535 3275 nata
579 3221 700 3286 senserat)
715 3223 817 3270 domurn
827 3223 936 3284 remisit,
948 3236 1036 3289 praeter
1049 3228 1089 3275 in-

97 3322 128 3353 1r.
142 3305 403 3353 Locusurbisnostris
417 3307 534 3369 tempori·
579 3311 673 3366 tegrum
693 3301 844 3366 stipendium
864 3302 963 3352 duobus
981 3306 1090 3354 millibus

106 3385 196 3448 quibus
210 3385 250 3432 illa
269 3394 333 3432 terra
346 3385 395 3431 fere
411 3385 534 3448 incognita
578 3381 695 3428 talentum
716 3380 836 3442 domitos,
856 3384 963 3446 exceptis
983 3385 1029 3446 iis,
1047 3389 1091 3450 qui

97 3475 213 3526 gnoratnr
223 3482 229 3521 ;
241 3463 360 3511 Strabone
375 3473 449 3523 teste,
462 3464 534 3529 longe
578 3460 695 3524 privatim
702 3460 825 3525 stipendia
832 3463 921 3510 mereri
927 3463 1025 3513 vellent.
1033 3466 1091 3514 Art.

102 3542 173 3605 pylas
185 3532 286 3606 ¹Caspias
300 3543 397 3608 (confer
411 3544 534 3592 Mannert
578 3538 1091 3605 111,19;P1ut.autumnitanus-
1152 3536 1156 3542 ’

97 3622 125 3680 Ι,
136 3638 191 3684 pag.
207 3620 285 3685 109),
302 3621 406 3687 Polybio
421 3635 534 3683 auctore,
578 3620 640 3683 gulis
652 3619 770 3667 talentum
784 3619 852 3669 dono
867 3619 950 3682 dedit,
963 3623 1090 3686 peditibus

97 3701 146 3748 edia
161 3701 258 3747 Parthia
275 3701 320 3748 sita
339 3713 403 3761 erat,
420 3713 444 3748 et
460 3689 534 3763 inde,
579 3698 655 3746 denas
669 3699 755 3746 minas.
768 3699 871 3768 Diodor.
886 3702 1029 3764 xv11,74.
1044 3706 1092 3752 Hic

112 3781 157 3828 viae
178 3796 210 3826 ex
231 3780 313 3828 multis
336 3782 478 3845 regionibus
498 3783 536 3830 ibi
579 3793 656 3835 vero,
678 3789 762 3826 contra
784 3780 897 3843 priores,
925 3797 981 3828 cum
1004 3783 1091 3831 Curtio
1180 3835 1184 3845 ,

97 3871 135 3920 nt,
145 3875 237 3907 nomen
251 3871 349 3908 eentum
360 3871 487 3925 portarum
499 3861 536 3908 in·
579 3859 676 3906 Graecos
696 3867 755 3920 post
772 3869 876 3905 mortem
890 3859 958 3906 Darii
976 3860 1090 3910 dimissos

97 3949 131 3988 at.
150 3938 212 3987 Inde
230 3939 305 4002 igitur
320 3957 364 4004 per
383 3941 433 3987 vias
453 3940 535 4004 plures
579 3935 693 3995 tradidit,
708 3935 775 3998 quod
790 3936 890 3999 quidem
904 3954 949 4000 per
967 3955 992 3986 se
1004 3941 1090 3987 verisi-

97 4019 205 4082 snperior
215 4018 279 4065 adiri
284 4028 390 4083 poterat.
400 4021 456 4067 Jam
467 4020 536 4067 vides
579 4015 711 4065 mihnsest.
722 4001 786 4066 Totis
795 4001 823 4063 δ’
831 4003 886 4066 a'ad
894 4012 942 4065 riis
949 4006 1091 4075 Emit'das

96 4084 152 4155 am,
173 4113 216 4144 eur
231 4098 383 4157 Alexander,
397 4108 454 4162 post
467 4099 535 4146 Darii
579 4085 680 4144 alatas
691 4085 914 4159 συμμαχήσαντας
921 4084 1090 4161 cammah,
1140 4105 1143 4109 '
