2662 4836
493 337 653 402 LIBER
685 337 747 400 Vt.
1115 352 1150 392 ιι

81 447 216 520 bantur
231 475 298 522 suo
312 452 387 523 ritu
403 476 532 523 canere
548 451 777 523 inconditum
794 464 831 520 et
845 447 1047 518 abhorrens
1059 467 1159 540 pere·

79 557 192 652 grinis
208 559 358 630 auribus
374 585 531 658 carrnen.
550 567 652 632 Inter
669 585 758 657 quas
774 582 886 630 unam
903 580 966 627 rex
981 555 1058 651 ipse
1075 577 1159 622 con·
1184 564 1200 608 6

47 707 49 716 ·
81 667 201 762 spexit
231 670 447 741 maestiorem
474 696 582 768 quam
615 686 774 754 ceteras,
804 682 841 739 et
872 660 1160 764 producentibus

83 801 163 860 eam
179 780 388 852 verecunde
406 782 668 866 reluctantem
686 778 867 852 excellens
883 789 960 846 erat
975 772 1109 857 forma,
1125 784 1161 841 et

84 881 240 957 formam
259 889 377 986 pudor
395 890 630 977 honestabat3
651 878 800 983 dejectis
818 887 857 954 in
876 900 1010 955 terram
1029 878 1162 964 oculis,

85 1009 140 1081 ct,
158 1012 339 1093 quantum
354 1000 498 1087 licebat,
516 1026 580 1073 ore
593 1001 731 1087 velato,
750 997 993 1095 suspicionem
1008 989 1162 1089 praebuit

84 1107 180 1201 regi,
197 1106 418 1180 nobiliorem
431 1136 527 1195 esse,
544 1135 652 1207 quam
669 1123 710 1179 ut
724 1109 823 1179 inter
837 1103 1043 1178 convivales
1057 1101 1161 1171 ludos

86 1216 237 1290 deberet
253 1222 406 1292 ostendi.
426 1226 520 1319 Ergo
539 1223 758 1318 interrogata
779 1241 944 1315 quaenam
961 1214 1080 1286 esset?
1098 1238 1163 1284 ne·
1188 1247 1202 1291 7

88 1343 188 1426 ptem
213 1355 251 1401 se
278 1332 388 1419 Ochi,
416 1334 481 1431 qui
506 1357 625 1430 nuper
651 1345 835 1428 regnasset
859 1328 897 1397 in
918 1327 1058 1409 Persis3
1087 1323 1164 1393 filio

86 1439 164 1534 ejus
177 1442 337 1536 genitam
351 1435 446 1528 esse,
463 1442 673 1541 respondit3
689 1462 842 1512 uxorem
855 1437 1029 1532 Histaspis
1045 1433 1163 1503 fuisse.

89 1551 321 1648 Propinquus
338 1552 396 1625 hic
412 1555 512 1624 Darii
536 1553 673 1641 fuerat,
692 1551 814 1648 magni
833 1564 869 1620 et
889 1549 965 1646 ipse
986 1544 1166 1616 exercitus

87 1673 233 1754 praetor.
251 1661 381 1733 Adhuc
397 1663 435 1732 in
449 1664 571 1734 animo
584 1664 679 1760 regis
695 1677 825 1733 tenues
840 1656 1003 1754 reliquiae
1021 1651 1167 1752 pristini
1192 1672 1206 1716 s

88 1772 201 1842 moris
216 1772 402 1844 haerebant
420 1801 428 1842 ε
449 1774 573 1870 itaque
592 1772 776 1844 fortunam
793 1771 892 1868 regia
908 1769 1020 1864 stirpe
1039 1764 1167 1860 genitae

91 1894 129 1950 et
153 1895 229 1952 tarn
250 1882 394 1955 celebre
421 1908 559 1957 nomen
577 1883 777 1968 reveritus,
799 1905 876 1950 non
900 1876 1035 1950 dimitti
1057 1873 1168 1945 modo

88 1991 285 2086 captivam,
301 1991 486 2063 sedetiam
503 1993 645 2063 restitui
661 1994 695 2063 ei
707 2017 790 2063 suas
803 2012 892 2087 opes
903 1987 1007 2083 jussit
1022 2011 1030 2054 :
1047 1985 1167 2054 virum

88 2120 243 2196 quoque
253 2102 455 2198 requiri‚ut
465 2117 612 2200 reperto
623 2103 814 2199 conjugem
824 2097 1005 2170 redderet.
1015 2099 1166 2168 Postero
1193 2133 1209 2178 9

91 2225 215 2280 autem
240 2210 299 2311 die
325 2213 484 2309 praecipit
509 2213 775 2311 Hephaestioni,
801 2224 844 2281 ut
861 2231 988 2278 omnes
1007 2205 1168 2301 captivos

91 2319 133 2388 in
153 2321 288 2417 regiam
306 2321 451 2415 juberet
467 2322 622 2393 adduci:
647 2322 714 2393 ubi
733 2317 958 2416 singulorum
977 2313 1168 2384 nobilitate

92 2489 195 2548 jieerem
205 2490 288 2553 itaque
301 2507 403 2538 omnem
413 2491 495 2539 locum
508 2494 544 2540 sic
556 2509 608 2541 sese
653 2507 785 2548 aversus,
812 2489 893 2536 Persis
916 2486 1021 2550 agemati
1042 2484 1170 2549 adscriptis

92 2567 220 2616 habuisse:
228 2581 406 2617 concertemus
412 2568 608 2638 artificumquos
652 2572 769 2638 prefecit.
779 2569 877 2617 Arrian.
887 2569 952 2625 vn,
967 2566 999 2624 6,
1014 2581 1038 2624 7.

93 2665 109 2696 e
126 2648 223 2697 Graecia
240 2649 383 2698 exciverat.-
401 2650 490 2716 quippe
508 2651 610 2715 capeivoe
689 2669 715 2716 9.
729 2651 759 2697 In
769 2649 872 2714 regiam.
885 2648 1020 2707 Cuiusnam
1033 2643 1121 2691 urbis?
1132 2644 1170 2695 Ex

90 2725 243 2793 jubebantur
253 2743 298 2775 suo
311 2727 376 2778 ritu.
391 2765 397 2777 ‚
411 2764 418 2777 .
431 2764 438 2777 .
451 2739 496 2776 etc.
515 2730 610 2777 Dicitur
654 2730 740 2780 Curtio
758 2728 842 2776 saltem
861 2727 911 2774 hoc
927 2739 980 2772 non
993 2723 1080 2786 liquet.
1094 2721 1170 2769 Intel-

94 2817 220 2853 conecmus
228 2806 329 2872 alicujus
337 2806 374 2854 rei
381 2822 428 2870 pro
437 2823 462 2854 re
471 2806 571 2871 aliqua,
583 2818 611 2879 nt
655 2810 704 2874 ligo
714 2825 780 2869 eam,
794 2822 848 2870 que
857 2804 986 2855 Ecbatanis
995 2813 1054 2852 erat.
1061 2806 1092 2849 ln
1101 2818 1168 2865 seqq.

94 2885 191 2933 notavit
204 2886 329 2945 uiuum,
343 2885 446 2933 Observ.
458 2886 486 2934 in
496 2887 556 2951 ling.
569 2887 610 2934 lat.
655 2890 720 2938 enim
737 2888 837 2936 Curtius
855 2901 882 2933 ea
895 2884 1014 2948 exponit,
1028 2899 1082 2947 quae
1096 2897 1170 2946 snpra

96 2965 189 3013 Omnia
202 2965 277 3031 igitur
285 2966 392 3027 lucidius
405 2965 524 3025 fluerent,
542 2967 563 3014 si
576 2968 611 3014 le-
654 2969 698 3017 lib.
709 2971 741 3028 V,
756 2969 786 3014 13
797 2982 830 3027 ,a
847 2965 906 3031 (ubi
921 2964 979 3011 vide
997 2960 1110 3026 notam),
1125 2976 1170 3008 ne·

96 3044 205 3092 ctionem
220 3060 299 3091 meam
312 3044 456 3106 admireris3
473 3056 497 3093 et
510 3046 610 3094 tandem
654 3049 771 3112 glexerat.
781 3045 815 3094 Ni
825 3044 905 3103 fallor,
913 3043 976 3091 dnos
984 3052 1095 3088 auctores
1103 3039 1171 3087 Darii

97 3123 449 3184 exsularethelleniamusille,
462 3123 612 3192 eaptivoese·
655 3127 736 3189 fugam
764 3134 788 3170 et
811 3121 948 3171 Alexandri
974 3119 1171 3183 persecutionem

96 3201 218 3252 inmanem
232 3219 279 3267 pro
293 3202 394 3268 captivae
401 3202 522 3269 semine,
544 3200 612 3268 qnod
655 3214 782 3253 narrantes
792 3201 914 3266 inspexit;
926 3200 1028 3247 alterum
1038 3213 1125 3260 snpra,
1136 3195 1171 3243 al-

99 3297 152 3330 non
162 3281 267 3328 multum
278 3281 340 3328 mihi
352 3283 438 3346 placet.
452 3283 542 3330 Omnia
552 3298 611 3330 vero
656 3293 736 3331 terum
748 3283 797 3330 hoc
814 3280 871 3328 loco'
889 3279 1007 3342 sequitur.
1022 3277 1117 3324 Scilicet
1130 3275 1171 3323 ille

24 3357 27 3363 ’
98 3359 309 3424 illa,utqnaeipse
318 3361 567 3421 conjeci,intextnm
576 3377 613 3410 re·
656 3364 763 3411 maxime
776 3361 844 3409 Darii
857 3358 973 3423 fugientis
992 3359 1038 3404 fata
1055 3348 1171 3403 narrave-

98 3439 193 3503 cipere,
210 3439 267 3486 licet
279 3440 419 3487 anctoritate
437 3440 516 3489 Codd.
530 3441 613 3488 nitan-
657 3441 819 3502 rat‚adjectis
829 3438 860 3486 de
868 3437 1011 3486 Alexandro
1020 3437 1052 3484 iis
1061 3446 1172 3496 tantum,
1245 3482 1249 3492 ,

99 3529 155 3580 tur,
167 3535 220 3566 non
231 3534 304 3585 ansus
316 3535 378 3567 snm.
391 3518 491 3568 Jndicet
501 3519 613 3569 eruditur
657 3521 748 3585 quibua
758 3509 918 3584 supersedere
930 3532 982 3565 non
995 3525 1104 3580 poterat3
1115 3515 1172 3574 hic,

100 3598 184 3647 lactor.
658 3601 721 3648 sicnt
737 3600 874 3658 Arrianus,
893 3596 1015 3646 contraria
1026 3596 1066 3643 via
1079 3596 1173 3652 iverat,

136 3679 161 3726 6.
180 3677 329 3727 Convivales.
344 3678 432 3742 Scripti
443 3678 523 3728 Codd.
534 3678 614 3726 conci·
657 3680 805 3744 paucissima
823 3679 854 3726 de
871 3677 961 3737 Dario,
980 3674 1103 3741 sigillatim
1113 3687 1173 3719 vero

101 3757 186 3806 viales.
207 3757 255 3805 Sed
270 3757 406 3805 convivales
418 3759 531 3806 usitatius
544 3758 614 3806 vide·
659 3759 796 3807 Alexandri
818 3759 921 3806 Darium
943 3753 1112 3819 persequentis
1134 3767 1173 3798 res

101 3838 225 3887 turbonis
236 3837 388 3886 auctoribus.
659 3848 737 3903 gestas
749 3839 863 3886 referens.
877 3837 936 3884 Haec
948 3834 1047 3883 Curtius
1061 3830 1173 3894 superio·

138 3934 162 3978 7.
179 3917 270 3980 Nuper.
287 3917 353 3964 Ante
369 3917 471 3964 Darium
485 3927 510 3963 et
525 3917 613 3965 Arsen
657 3918 727 3965 ribus
740 3932 786 3964 sno
801 3930 902 3979 quaeque
915 3915 971 3962 loco
985 3913 1113 3961 adnectere
1127 3909 1171 3956 dc·

103 3995 414 4062 -Hr'staspis.1.cgendum
421 3994 612 4060 esttHystaspb,
657 3995 759 4046 buisset.
781 3987 837 4044 Alia
858 3995 936 4058 igitur
956 4010 1030 4058 snpra
1050 4007 1096 4039 sno
1115 3990 1172 4037 loco
1221 4029 1228 4043 ,

102 4077 528 4142 Bactriani‚qnem.ilexander,ex
541 4077 616 4131 India
658 4076 782 4136 narravit,
806 4074 851 4122 alia
874 4084 960 4122 nostro
982 4089 1061 4137 eoque
1084 4070 1172 4118 alieno.
