2662 4836
221 341 263 415 ιι
543 341 584 421 Q.
617 339 802 403 curru
834 337 960 401 uum

220 451 396 537 venisset,
417 450 505 522 fore.
526 453 710 542 Quadrato
729 465 851 521 tamen
870 451 1011 546 agmine
1032 464 1067 520 et
1085 442 1289 543 composito

219 556 315 644 ibat3
341 559 585 656 speculatores
604 560 759 632 subinde
778 561 1019 657 praemittens,
1038 559 1102 655 qui
1121 553 1289 653 explora-

183 677 302 735 urent
330 665 429 751 loca;
455 667 544 738 levis
569 685 749 739 armatura
774 666 930 738 ducebat
951 691 1100 764 agmen3
1128 661 1289 762 phalanx

182 790 298 844 16eam
314 776 557 872 sequebatur3
580 793 662 875 post
677 778 816 876 pedites
833 793 935 849 erant
953 775 1223 873 impedimenta.
1244 775 1289 840 Et

218 907 305 978 gens
331 884 523 974 bellicosa,
549 902 585 957 et
610 901 739 957 natura
764 889 853 958 situs
869 886 1024 957 difficilis
1042 886 1141 956 aditu
1162 902 1290 954 curam

218 994 312 1088 regis
324 995 567 1066 intenderant.
580 1001 744 1092 Namque
754 1012 930 1094 perpetua
939 993 1041 1066 vallis
1046 996 1156 1091 jacet,
1167 1012 1290 1087 usque

164 1162 167 1168 .
220 1099 264 1179 ad
280 1125 378 1171 mare
394 1105 562 1203 Caspium
580 1119 717 1202 patens.
736 1109 818 1175 Duo
832 1120 934 1175 terrae
947 1105 1023 1199 ejus
1032 1104 1132 1174 velut
1140 1097 1292 1173 brachia

221 1228 440 1282 excurrunt:
459 1214 577 1284 media
592 1213 690 1284 flexu
707 1214 850 1284 modico
870 1213 989 1283 sinum
1009 1210 1166 1297 faciunt,
1191 1208 1292 1277 lunae

220 1398 256 1407 —
265 1375 391 1437 Qrtadrato
397 1375 504 1440 agmine.
514 1376 612 1434 Livius,
621 1376 730 1435 XXXV,
775 1375 870 1422 xander
877 1385 1003 1438 penetrare
1010 1372 1227 1438 cupiebat,'canssa
1236 1383 1292 1416 non

221 1452 248 1509 3,
258 1468 273 1498 a
283 1469 289 1498 :
299 1475 311 1493 a
320 1454 381 1501 Inde
390 1455 508 1516 quadrato
518 1454 614 1518 agmiue
623 1453 654 1499 ad
664 1455 731 1500 Pisas
775 1471 827 1501 esse
834 1464 1010 1518 poterant,cnr
1016 1452 1157 1501 Alexandro
1165 1466 1212 1514 per
1218 1464 1293 1496 mon-

220 1529 320 1578 duxit.»
334 1533 382 1580 Sed
397 1535 432 1580 sic
443 1551 488 1597 per
499 1543 595 1580 montes
609 1533 635 1578 in
647 1534 732 1580 trami·
775 1543 810 1580 tes
818 1534 885 1595 ipsos
892 1544 961 1580 caute
968 1532 1145 1580 transeundum
1153 1527 1293 1578 tantalis

220 1610 286 1660 tibus
300 1613 383 1660 arduis
396 1615 431 1659 ire
446 1612 564 1675 nequibat
581 1611 730 1658 Alexander.
774 1611 844 1664 uallis
858 1628 904 1675 per
920 1622 1015 1668 montes
1032 1620 1093 1671 erat,
1109 1609 1229 1674 angustia*
1241 1621 1292 1670 po·

219 1691 315 1738 Scilicet
335 1692 424 1738 itermn
446 1692 481 1737 sic
501 1691 600 1738 Curtius
623 1690 731 1738 reddidit
774 1690 837 1749 tius,
853 1689 964 1737 difficiles
978 1691 1096 1749 transitu,
1114 1705 1173 1752 quas
1187 1685 1292 1735 Curtius

220 1784 295 1830 graeca
307 1762 339 1820 sis
347 1762 371 1820 s's
380 1760 477 1835 μιίχιιι.
487 1768 652 1816 Transeundae
662 1780 732 1816 erant
774 1784 831 1815 cum
844 1779 962 1832 perpetua
977 1769 1022 1815 ista
1032 1768 1094 1815 valle
1104 1768 1131 1814 in
1138 1781 1219 1814 unum
1229 1780 1292 1813 con·

221 1845 513 1909 angustiaeperdiffieiles,
522 1863 566 1910 per
575 1863 634 1909 quas
643 1847 674 1894 ad
683 1864 731 1910 pu
774 1846 891 1892 fudit.-
906 1848 963 1903 Dua
974 1856 1045 1894 terrae
1055 1845 1105 1917 q'ns
1122 1843 1225 1892 brachia
1241 1859 1291 1891 ex·

220 1939 295 1985 gnam
311 1935 408 1988 paratos
427 1925 463 1971 ire
480 1923 564 1998 jubet,
585 1925 606 1971 si
622 1927 683 1972 forte
700 1925 731 1972 ab
775 1934 882 1973 currunt.
896 1926 1030 1985 Cujusnam
1042 1926 1129 1972 terrie?
1142 1922 1291 1988 Hyrcaniae,

220 2003 442 2051 montiumincolis
454 1994 616 2053 lacesseretur.
631 2003 729 2053 Arrian.
775 2019 806 2050 ex
817 2003 895 2051 Curtii
910 2004 1036 2067 opinione.
1050 2003 1097 2050 Sed
1111 2019 1165 2066 quas
1177 2017 1290 2064 sequun-

220 2082 334 2142 111,23,
347 2100 369 2142 7.
774 2091 815 2128 tur
828 2098 841 2128 e
855 2081 994 2140 Strabonis,
1011 2081 1055 2128 lib.
1074 2084 1126 2140 XI,
1143 2097 1201 2145 pag.
1221 2080 1289 2140 775,

259 2161 298 2209 15.
310 2162 418 2208 Ducebat
425 2177 522 2226 agnren.
536 2163 617 2208 Prima
628 2160 731 2208 ibat.—
774 2160 844 2216 loco,
859 2176 891 2208 ex
905 2160 993 2207 eodem
1009 2161 1086 2220 forte,
1100 2175 1174 2223 quem
1187 2158 1289 2207 Curtius

219 2240 403 2303 impedimenta.
423 2241 494 2288 Nulla
511 2241 552 2287 hic
568 2250 637 2287 erant
652 2241 730 2304 impe-
774 2239 892 2301 sequitur,
906 2249 1004 2286 auctore
1018 2239 1156 2302 descripto,
1170 2234 1288 2284 illustrari

222 2318 345 2379 dimenta,
360 2337 413 2382 quae
424 2320 470 2366 alia
483 2322 520 2367 via
534 2320 647 2384 Erigyius
660 2320 732 2366 duee·
775 2329 884 2382 possunt.
902 2319 988 2366 Strabo
1006 2318 1097 2366 accolas
1113 2317 1188 2364 marla
1204 2314 1288 2388 Caspii

221 2398 269 2444 bat.
278 2398 335 2445 Vid.
347 2415 420 2463 supra
432 2398 447 2462 §
458 2400 481 2446 3.
488 2425 523 2434 -
533 2397 596 2446 Gens
607 2396 728 2445 bellicosa.
774 2407 973 2456 enumeraturus,
987 2421 998 2439 u
1006 2396 1051 2462 qui
1057 2395 1095 2444 ad
1100 2395 1237 2455 sinistram,
1248 2395 1287 2441 in-

221 2476 260 2523 Νι
275 2477 394 2541 intelligas
406 2479 549 2541 Hyrcanos,
564 2476 607 2524 sed
619 2478 730 2540 Tapuros
774 2477 841 2539 quit,
858 2476 883 2523 in
896 2475 1007 2539 Caspium
1022 2492 1089 2523 usare
1107 2473 1218 2530 intranti,
1241 2487 1287 2536 per

221 2565 245 2601 et
256 2555 316 2602 alios
324 2556 370 2604 ista
379 2556 437 2619 juga
447 2565 564 2603 tenentes.
573 2581 608 2591 —
615 2555 730 2601 Intende·
762 2556 764 2561 '
774 2557 878 2614 fretum,
889 2554 957 2618 qnod
971 2554 1002 2601 ad
1016 2553 1217 2617 septemtrionem
1230 2567 1285 2599 ver-

222 2644 285 2683 rant.
303 2635 341 2682 ste
359 2634 421 2682 cod.
431 2634 478 2680 Th.
490 2634 581 2681 scilicet
594 2633 731 2682 Alexandri
774 2650 831 2697 gere
842 2634 992 2693 credebatur,
1005 2632 1141 2698 offeruntur
1148 2631 1283 2687 Nomades,

221 2712 409 2759 sollicitudinem
421 2722 545 2760 auxerant.
774 2729 790 2759 a
803 2711 888 2774 nostris
899 2711 969 2760 hodie
982 2712 1138 2776 appellantur
1149 2714 1231 2772 Dare,
1245 2725 1285 2756 co·

260 2794 299 2840 16.
314 2790 426 2854 Namque
435 2802 556 2856 perpetua
571 2790 728 2854 vallisjaeet.
771 2803 899 2857 griornento
907 2790 988 2839 Parni
990 2811 1000 2847 ;
1009 2802 1079 2854 post,
1090 2790 1220 2839 meridiem
1230 2804 1284 2836 ver·

221 2873 286 2918 Infra
299 2870 314 2935 §
328 2887 358 2933 19
368 2887 434 2932 seqq.
445 2881 556 2934 respectu
572 2870 602 2917 ad
616 2871 683 2916 hunc
692 2869 730 2916 lo·
774 2888 829 2932 sus,
849 2870 953 2917 solitudo
972 2881 1015 2918 est.
1035 2870 1147 2935 Sequitur
1158 2867 1283 2930 Hyrcania

222 2967 294 3010 cum,
307 2950 467 3014 uliyrcanioe,
481 2950 575 3013 inquit,
582 2948 727 3016 fastigium,
774 2951 836 3016 (hoe
846 2958 937 2997 nomen
949 2948 1059 2997 Curtium
1073 2949 1101 2995 in
1114 2946 1283 2997 eum'induxit

221 3034 270 3081 hoc
288 3041 337 3091 est,
357 3044 480 3077 summum
496 3029 617 3076 montium
629 3030 730 3092 jugum,
773 3035 934 3088 errorem,nt
948 3044 1001 3091 quae
1017 3037 1153 3091 sequuntur
1169 3027 1200 3076 de
1218 3029 1283 3091 Hyr·
1309 3016 1329 3026 ”

223 3122 249 3160 ut
265 3126 340 3174 supra
353 3108 442 3155 dietum
457 3117 507 3165 est,
524 3119 641 3172 perpetua
662 3107 731 3156 valle
775 3108 843 3155 cania
860 3106 1016 3170 intelligenda
1032 3105 1142 3170 putaret)
1158 3107 1283 3170 adquam

224 3189 375 3255 submittitur,
386 3188 434 3235 hoe
443 3197 492 3247 est,
501 3196 609 3244 montes,
617 3202 662 3249 per
668 3202 731 3248 quos
775 3203 841 3234 mare
852 3186 981 3250 Caspium,
992 3202 1023 3232 ex
1033 3186 1088 3244 illo,
1098 3185 1165 3248 quod
1177 3201 1231 3233 esse
1240 3200 1283 3248 pu·

222 3288 254 3329 ex
263 3269 391 3318 Parthians
405 3269 432 3314 in
442 3265 591 3330 Hyrcaniam
601 3265 731 3325 transitus,
774 3267 872 3326 tabant,
885 3267 946 3313 freto
958 3264 1073 3328 paulatim
1086 3265 1217 3329 spatiosius
1228 3263 1282 3311 red·

222 3366 289 3398 mare
300 3348 414 3409 Caspium
428 3361 513 3393 versus
528 3346 561 3391 ita
574 3344 729 3406 decrescunt,
775 3344 891 3393 ditum
860 3361 930 3410 ‚Jam
939 3344 1025 3409 magni
1034 3361 1108 3391 maris
1117 3343 1197 3391 instar
1204 3343 1224 3390 d
1223 3340 1281 3408 ffu-

222 3443 250 3480 ut
262 3444 331 3493 quasi
323 3426 413 3472 vallis
425 3435 541 3488 perpetua
555 3425 587 3471 sit
599 3424 663 3471 inter
675 3423 731 3472 illos
774 3441 826 3471 sum
844 3424 961 3489 estusque
979 3424 1016 3470 ad
1032 3433 1121 3471 montes
1137 3422 1243 3472 Medicas
1261 3430 1283 3467 et

222 3520 318 3559 montes
329 3518 353 3554 et
361 3504 537 3552 htoramarrs
547 3499 650 3566 EtSao:
658 3511 731 3549 ιι-ιαιι
775 3502 910 3592 Apnenios.
930 3491 1024 3567 Triton
1042 3491 1099 3551 δᾳ
1087 3491 1139 3564 teil
1157 3487 1284 3593 peqrostdis

223 3591 277 3637 dem
285 3597 343 3653 post
351 3591 476 3647 superatos
484 3591 579 3628 montes
590 3581 627 3629 ad
635 3579 732 3628 ulterio-
776 3568 808 3630 ri
829 3597 921 3669 rxqpeae
943 3568 1011 3645 ιιιιἹιῖ
1031 3567 1080 3634 reis
1100 3570 1281 3651 inciperemus

222 3687 262 3728 ra,
271 3683 322 3717 uve
329 3665 402 3729 plana
408 3661 677 3726 Hyrcamaeperrentum
684 3671 729 3717 est
776 3655 924 3752 τιλιηιιιιιι
936 3647 1013 3750 arpis
1014 3650 1167 3724 Sinervas,
1182 3654 1283 3711 ποιοῦσι

223 3765 277 3815 quae
291 3746 354 3792 mari
368 3742 456 3806 Caspio
469 3740 655 3787 terminantur.
668 3740 731 3786 Inde
776 3725 909 3805 rispevxir
924 3756 968 3788 rot
982 3729 1089 3789 κᾶλπιι·
1103 3755 1202 3804 quonam
1212 3754 1282 3786 mon·

221 3828 367 3907 palamst,
388 3832 474 3870 nostro
493 3835 591 3883 quoque
609 3819 664 3866 loco
683 3817 729 3866 sub
773 3819 835 3866 tium
849 3819 1005 3867 Medicorum
1018 3831 1041 3867 et
1054 3820 1282 3877 Armeniorumra·

222 3900 292 3955 'valle
299 3912 417 3968 perpetua
430 3897 586 3964 intelligenda
595 3913 647 3945 esse
657 3897 729 3961 plana
773 3896 870 3944 diresin
879 3897 943 3946 lance
947 3896 1057 3964 sormam
1066 3908 1174 3946 curratur
1178 3931 1187 3954 ,
1198 3895 1241 3943 ubi
1249 3894 1284 3943 ad

222 3982 350 4050 Hyroaniae
362 3982 426 4029 inter
439 3979 494 4026 illos
509 3987 604 4025 montes
617 3986 642 4024 et
654 3991 727 4023 mare.
772 3992 839 4024 mare
849 3977 964 4041 Caspium
976 3977 1102 4039 desinunt,
1121 3976 1230 4024 intimum
1245 3974 1277 4021 si·

220 4062 317 4127 tiedilla
326 4059 455 4143 Hprcaniae
466 4056 552 4127 plana,
567 4055 597 4105 ad
606 4068 660 4133 que
669 4053 727 4104 Ala·
772 4070 830 4104 nura
836 4056 889 4122 ejus
895 4057 968 4107 maris
967 4056 1193 4124 sacuninuitur,
1198 4055 1237 4105 vel
1243 4055 1279 4114 in,-
