2662 4836
163 326 202 388 16
484 326 526 407 Q.
559 319 747 387 courir
779 324 907 389 nuri

159 462 218 523 se,
243 437 329 508 victi
351 440 482 534 magis,
513 463 622 536 quam
640 439 786 509 victoris
806 435 989 508 fortunam
1014 437 1054 506 in
1076 435 1225 534 patriam

38 534 45 549 “
120 545 359 617 ¹9relaturum
375 561 594 642 conquestus
611 561 664 618 est
681 573 689 616 ε
708 571 777 618 nec
793 546 863 617 sibi
879 545 1057 642 ignaviam
1074 545 1230 615 militum

160 654 325 742 obstare,
348 656 411 727 sed
433 655 586 727 deorum
610 655 802 745 invidiam,
832 657 896 752 qui
921 655 1125 727 fortissimis
1146 655 1230 725 viris

161 766 322 838 subitum
340 769 462 864 patriae
480 767 699 838 desiderium
716 767 981 855 admovissent,
1002 765 1126 863 paullo
1151 779 1231 861 post

28 885 30 888 ’
120 895 153 926 2⁰
163 875 201 943 in
216 873 380 946 eamdem
397 900 480 946 cum
495 876 633 971 majore
646 877 753 948 laude
769 875 936 976 famaque
948 875 1130 945 redituris.
1142 879 1233 944 Tum

161 1007 250 1052 vero
265 1008 333 1081 pro
348 1008 385 1055 se
397 986 553 1081 quisque
568 1010 716 1083 operam
730 1010 831 1055 suam
843 982 977 1055 offerre
993 1011 1001 1052 ι
1022 981 1234 1053 difficillima

163 1115 316 1188 quaeque
325 1116 490 1190 poscere;
503 1093 666 1190 polliceri
675 1093 832 1164 militum
844 1118 992 1190 quoque
1001 1091 1234 1188 obsequium,

164 1202 194 1271 si
222 1202 360 1273 animos
389 1221 516 1272 eorum
542 1202 617 1272 leni
644 1218 681 1278 et
706 1218 788 1300 apta
816 1202 980 1271 oratione
1008 1201 1234 1298 permulcere

122 1311 347 1403 ”voluisset
374 1315 571 1409 Nunquam
596 1310 767 1383 infractos
789 1326 825 1382 et
849 1311 1006 1406 abjectos
1026 1312 1236 1397 recessisse,

166 1421 308 1517 quoties
326 1421 438 1518 ipsius
454 1422 672 1492 alacritatem
690 1436 726 1491 et
743 1421 836 1491 tanti
856 1421 967 1490 animi
983 1421 1130 1519 spiritus
1147 1421 1236 1492 hau

165 1530 236 1600 rire
262 1531 475 1628 potuissent.
502 1535 558 1600 Ita
583 1555 620 1600 se
647 1529 826 1601 facturum
852 1554 928 1601 esse
953 1529 1153 1627 respondit.
1181 1529 1237 1599 llli

164 1638 275 1710 modo
292 1639 390 1735 vulgi
407 1664 513 1709 aures
532 1655 737 1738 praeparent
755 1639 845 1727 sibi3
869 1640 1025 1736 satisque
1045 1639 1216 1710 omnibus
1225 1695 1235 1726 ,

166 1742 246 1843 qnae
269 1748 307 1816 in
328 1771 407 1816 rem
428 1746 645 1817 videbantur
664 1772 761 1836 esse,
790 1749 1020 1844 compositis,
1047 1747 1169 1818 vocari
1194 1747 1238 1818 ad

166 1857 381 1926 concionem
395 1857 592 1926 exercitum
604 1858 728 1953 jussit,
748 1859 845 1957 apud
858 1883 969 1956 quem
984 1857 1093 1928 talem
1106 1859 1238 1929 oratio-

166 1989 252 2035 nem
271 1963 410 2035 habuit.

145 2112 155 2141 1
217 2077 284 2142 111.
303 2071 619 2169 «Magnitudinem
631 2099 773 2162 rerum,
787 2101 875 2174 quas
889 2078 1078 2172 gessimus,
1090 2078 1240 2167 milites,

105 2254 111 2263 ,
166 2183 394 2279 intuentibus
410 2183 533 2267 vobis,
556 2187 705 2256 minime
722 2187 855 2279 mirum
875 2201 947 2274 est,
968 2202 1003 2257 et
1022 2187 1239 2258 desiderium

143 2295 320 2391 aquietis,
348 2308 384 2364 et
411 2294 611 2366 satietatem
636 2295 756 2393 gloriae
782 2320 984 2367 occurrere.
1002 2301 1052 2367 Ut
1075 2298 1240 2368 omittam

169 2405 332 2501 Illyrios,
357 2403 553 2492 Triballos,
583 2407 778 2493 Boeotiam,
806 2405 1017 2494 Thraciam,
1049 2412 1241 2505 Spartam,

168 2603 212 2664 esti
228 2602 298 2703 περὶ
307 2608 355 2662 reis
373 2601 562 2703 πεπραγμένον
580 2601 681 2663 irretii-
725 2615 843 2664 illustrior
864 2614 944 2663 adhuc
964 2631 1050 2663 sensus
1070 2626 1114 2663 est.
1138 2615 1243 2662 Modius

168 2707 229 2757 m,
245 2682 357 2742 istam
368 2709 415 2759 μιν
428 2689 474 2748 riis
484 2683 628 2760 orpaertsffiaer
726 2694 850 2755 rejiciebat
857 2694 937 2758 artigi,
948 2711 994 2741 nec
1002 2694 1098 2742 meliori
1106 2694 1137 2740 de
1145 2710 1240 2744 caussa.

206 2791 246 2836 19.
268 2776 375 2820 Deorum
394 2773 520 2822 invidiam.
544 2775 680 2825 Commune
726 2773 916 2822 Usrtatissimum
927 2774 993 2822 enirn
1003 2783 1038 2820 est
1047 2774 1114 2837 apud
1124 2784 1240 2821 nostrum

167 2852 292 2900 veteribus
313 2851 434 2915 loquendi
455 2868 540 2917 genus.
564 2855 681 2902 Noscitm·
725 2863 872 2915 saterosque
880 2863 992 2900 auctores
999 2851 1243 2916 promilisibustur·

167 2934 301 2998 prasertim
314 2950 346 2980 ex
358 2933 500 2993 Herodoto,
511 2936 527 2982 l.
540 2939 566 2994 Ῑ,
580 2936 680 2984 invidos
725 2932 787 2992 tius,
795 2932 883 2989 linx,
893 2932 920 2989 5,
930 2934 957 2980 3:
969 2932 1142 2993 «Dimissoque
1153 2931 1241 2994 vulgo,

167 3030 220 3061 esse
239 3012 347 3060 felicitati
365 3012 479 3060 humanae
498 3017 572 3063 Deos.
591 3016 681 3063 Noster
726 3011 793 3059 velut
814 3011 884 3057 omni
905 3011 960 3058 vitae
984 3010 1066 3058 debito
1089 3011 1214 3058 liberatus.
1227 3033 1240 3053 s

167 3093 281 3150 Curtius,
298 3093 339 3149 X,
357 3093 385 3148 5,
404 3107 433 3137 ιο
447 3109 452 3137 :
468 3115 480 3133 α
490 3093 587 3140 Invidia
601 3095 680 3141 Deum
725 3090 813 3154 virgil.
828 3092 882 3136 AEn.
894 3093 934 3148 ΙΙ,
947 3106 971 3138 v.
983 3104 1032 3152 99:
1048 3111 1060 3131 «ι
1070 3091 1240 3153 ...Spargere

169 3181 280 3234 ereptum
295 3186 346 3217 esse
365 3169 439 3217 rebus
452 3169 575 3221 humanis.
585 3195 597 3213 n
615 3172 681 3220 Vide
726 3184 798 3216 voces
810 3171 841 3215 In
849 3169 949 3232 vulgum
960 3167 1085 3232 ambiguas
1098 3178 1122 3214 et
1131 3184 1241 3230 quarere

168 3250 282 3308 Florum,
298 3253 325 3306 1,
343 3251 372 3296 13
383 3285 389 3309 ,
405 3251 429 3297 8.
727 3248 840 3296 conscius
849 3264 924 3297 arma.
932 3270 944 3290 a
953 3247 991 3294 lb.
999 3264 1023 3294 v.
1034 3264 1083 3310 119
1094 3265 1101 3294 :
1112 3247 1242 3312 «....Vu1gi

204 3343 246 3376 ao.
258 3327 389 3392 Infractos.
402 3327 481 3375 Valde
499 3329 600 3387 fractos,
615 3329 681 3376 timi-
726 3344 779 3392 quae
788 3344 838 3376 vox
850 3337 879 3374 ut
887 3327 954 3374 venit
964 3327 994 3374 ad
1004 3343 1100 3374 auresn

169 3408 230 3466 dos,
244 3407 415 3470 desperantes,
432 3406 497 3453 utr'rr
511 3418 610 3472 augeat,
629 3423 682 3456 non
762 3425 786 3454 a,
808 3404 921 3470 Illyrios,
942 3407 1076 3463 Tn'battos,
1098 3417 1143 3454 etc.
1160 3406 1242 3454 Ductu

168 3488 263 3534 minuat
276 3487 327 3533 vim
341 3485 466 3548 simplicis.
473 3487 538 3534 Vide
546 3489 614 3552 Virg.
625 3490 681 3535 AEn.
726 3502 787 3546 suo,
801 3495 931 3549 postquam
951 3487 1082 3533 rexfacttrs
1098 3495 1165 3546 erat,
1182 3485 1241 3532 vicit

170 3567 222 3624 IX,
236 3582 260 3611 v.
273 3573 341 3627 4993
361 3563 424 3611 Vell.
440 3566 531 3612 Patere.
548 3569 591 3625 II,
612 3568 642 3627 37
658 3577 682 3613 et
725 3567 807 3629 primo
829 3565 974 3622 Thraciam,
997 3575 1050 3612 tum
1071 3563 1193 3612 Triballos
1217 3575 1242 3612 et

173 3645 219 3706 393
230 3655 254 3690 et
263 3659 317 3706 qnae
326 3651 408 3689 notata
415 3652 473 3689 sunt
482 3643 510 3690 in
517 3645 618 3705 hujusce
628 3644 683 3692 Col·
727 3645 815 3704 Getas,
835 3655 888 3691 tum
905 3645 1021 3708 Illyrios,
1040 3655 1092 3690 tum
1105 3644 1239 3704 Boeotiam,

171 3723 284 3771 lectionis
295 3722 383 3786 Virgil.
398 3724 463 3780 llll,
481 3739 508 3770 r:
524 3725 644 3771 «Turnus
656 3735 685 3772 ut
727 3724 820 3772 horest
825 3724 1147 3787 ,Thebanostauspiciosuo
1149 3739 1241 3786 ,quum

172 3803 287 3850 mfractos
299 3803 403 3850 adverso
414 3804 494 3850 Marte
504 3804 603 3851 Latmos
611 3806 683 3852 Defe
726 3803 778 3864 jam
793 3805 821 3850 in
836 3802 918 3855 media
932 3803 990 3850 Asia
1003 3813 1149 3862 versaretur,
1166 3802 1243 3848 ductu

172 3881 684 3948 cissevidetpmvlvffmoetv.V11‚19.9
720 3882 868 3947 Antipatri,
882 3883 991 3946 Spartam
1005 3881 1159 3944 etreliquam
1170 3881 1241 3927 Pelo·

209 3977 251 4010 21
258 3961 342 4009 Modo.
353 3963 695 4011 Hancvocemenostrorum
729 3977 882 4025 postumum,
897 3975 950 4024 quae
964 3950 1242 4025 sparteSpartanorum

171 4041 246 4103 Regg
260 4041 339 4089 Codd.
352 4042 493 4090 auctoritate
507 4043 617 4102 restitui,
636 4058 685 4106 qua
729 4051 833 4090 steterat.
841 4041 931 4092 Confer
941 4039 984 4088 hb
992 4042 1025 4099 V,
1038 4057 1060 4101 1,
1073 4055 1095 4089 1.
1156 4065 1161 4076 ·
