2662 4836
162 309 205 379 30
476 310 519 391 o.
553 308 743 375 curru
774 309 903 374 uum

162 425 227 522 qui
247 424 402 499 maxime
428 423 669 519 Macedonum
697 423 827 520 opibus
852 447 995 522 semper
1016 423 1228 510 obstiterat,

160 535 267 608 venia
291 534 503 630 desperata,
533 531 650 630 gladio
677 557 715 603 se
742 532 941 631 trarisfigit3
974 537 1108 619 ceteri,
1138 536 1229 609 sicut

162 645 442 729 constituerant,
462 641 592 712 ditioni
612 642 807 715 Alexandri
823 669 861 717 se
880 645 977 753 ipsos¹
993 646 1227 742 permittunt;

120 780 152 814 10
160 756 260 827 mille
276 767 313 824 et
333 778 357 823 u
373 751 505 823 milites
520 767 642 838 erant3
662 766 790 851 praeter
809 751 876 823 hos
889 745 997 850 legati
1015 754 1060 823 ad
1076 753 1227 825 Darium

160 865 258 934 missi
277 886 331 941 xc,
356 866 400 931 In
421 861 714 957 supplementum
734 861 947 933 distributus
964 863 1088 950 miles3
1116 863 1227 933 ceteri

160 972 297 1043 remissi
313 969 483 1055 domum,
502 985 630 1066 praeter
645 970 952 1058 Lacedaemonios,
970 997 1063 1068 quos
1078 971 1174 1042 tradi
1189 971 1227 1041 iu

120 1110 148 1142 11
161 1079 359 1152 custodiam
371 1079 486 1173 jussit.
502 1078 713 1149 Mardorum
731 1093 807 1151 erat
823 1105 910 1176 gens
927 1079 1080 1153 confinis
1096 1085 1227 1176 Hyrca·

161 1191 249 1276 niae,
269 1188 369 1259 cultu
385 1186 464 1257 vitae
482 1210 608 1284 aspera
627 1200 665 1257 et
680 1187 877 1259 latrociniis
891 1203 1048 1276 assueta3
1064 1188 1141 1260 haec
1155 1189 1227 1261 sola

161 1324 230 1370 nec
248 1299 381 1395 legatos
402 1296 567 1384 miserat,
595 1321 663 1368 nec
677 1296 867 1369 videbatur
887 1300 1061 1397 imperata
1081 1299 1227 1375 factura.

161 1413 288 1504 Itaque
306 1429 372 1487 rex
388 1403 614 1500 indignatus,
632 1407 662 1477 si
675 1431 748 1476 una
761 1431 848 1503 gens
862 1422 982 1503 posset
995 1405 1161 1493 efficere,
1180 1433 1226 1481 nc

161 1519 316 1589 invictus
341 1529 452 1600 esset,
482 1516 750 1611 impedimentis
774 1540 858 1586 cum
886 1516 1050 1615 praesidio
1073 1519 1226 1603 relictis,

120 1629 290 1700 tainviota
310 1649 420 1696 manu
442 1624 634 1695 comitante
656 1625 828 1720 procedit.
848 1631 968 1697 Noctu
988 1627 1057 1699 iter
1072 1625 1225 1714 lecerat,

163 1753 199 1808 et
214 1738 331 1834 prima
346 1734 426 1804 luce
442 1732 555 1803 hostis
575 1735 614 1804 in
628 1750 824 1830 conspectu
839 1750 915 1806 erat
930 1762 937 1803 :
959 1736 1135 1806 tumultus
1152 1761 1224 1809 ma·

162 1840 214 1942 gis
238 1869 348 1941 quarn
371 1843 531 1940 praelium
556 1842 632 1914 tuit.
657 1845 848 1919 Deturbati
871 1870 915 1916 ex
938 1845 1110 1932 collibus,
1135 1873 1226 1944 quos

162 1968 443 2063 occupaverant,
457 1953 601 2026 barbari
615 1954 844 2052 profugiunt3
860 1955 1170 2053 proximique'vici
1181 1957 1226 2032 ab

122 2086 152 2132 13
163 2066 290 2139 incolis
304 2064 437 2135 deserti
452 2065 655 2161 capiuntur.
672 2066 851 2135 Interiora
865 2066 1023 2162 regionis
1040 2067 1116 2161 ejus
1130 2065 1227 2141 haud

163 2200 249 2248 sane
272 2174 362 2244 adiri
384 2174 462 2243 sine
484 2198 611 2269 magna
632 2175 823 2251 vexatione
846 2175 1022 2246 exercitus
1047 2191 1225 2272 poterant.

130 2366 132 2370 .
165 2292 184 2356 J
186 2311 254 2382 uga
268 2285 449 2354 montium
465 2282 615 2381 praealtae
627 2285 735 2380 sylvae
749 2309 930 2382 rupesque
946 2287 1050 2356 inviae
1063 2289 1226 2383 sepiunt3

163 2455 314 2504 Dinocrates.
327 2453 374 2502 Sed
388 2450 443 2515 quis
456 2463 507 2500 erat
518 2453 577 2500 illei'
590 2454 671 2502 liade·
716 2465 799 2518 gentes
809 2455 931 2503 tenebant.
940 2455 1024 2502 Vicini
1037 2454 1226 2521 crautTapuro·

163 2552 205 2583 rus
226 2533 330 2582 malebat
348 2531 513 2580 Demochares.
534 2533 581 2580 Hic
601 2533 672 2581 frater
716 2549 771 2581 rum
784 2543 808 2581 et
818 2534 973 2592 Alexandro,
986 2533 1031 2580 uhi
1042 2544 1101 2581 tuuc
1115 2545 1181 2592 erat,
1194 2535 1225 2582 ad

162 2614 347 2670 Demosthenis,
357 2612 387 2658 de
397 2628 447 2674 quo
456 2612 505 2658 vid.
515 2611 635 2658 Plutarch.
645 2612 672 2659 iu
716 2612 800 2659 larvam
813 2613 860 2660 siti.
874 2612 1024 2671 Alexander,
1040 2629 1116 2675 quum
1127 2631 1160 2662 ex
1170 2617 1224 2662 Me-

164 2695 211 2741 vita
221 2693 402 2742 Demosthenis.
413 2691 493 2740 Curtii
506 2694 672 2742 Democratem
716 2692 757 2738 dia
774 2708 819 2755 per
836 2693 906 2755 pylas
923 2691 1021 2756 Caspias
1038 2693 1065 2741 in
1078 2693 1225 2741 Parthienen
1260 2736 1264 2757 ,

164 2789 239 2821 nemo
253 2773 329 2820 novit.
715 2769 827 2829 intraret,
839 2770 984 2819 Mardorum
991 2781 1086 2819 montes
1097 2771 1129 2818 ad
1139 2768 1223 2821 laevam

201 2868 241 2900 10.
260 2849 346 2915 Legati
363 2848 400 2896 ad
414 2846 515 2897 Darium
535 2847 603 2897 missi
616 2848 669 2898 XC.
716 2849 853 2912 reliquerat.
866 2849 956 2898 Confer
966 2851 1064 2897 Arrisu.
1077 2853 1132 2908 111,
1145 2859 1225 2907 st.-

162 2931 226 2979 vide
236 2947 309 2994 supra
319 2929 351 2976 ad
360 2931 413 2987 Ill,
426 2928 471 2986 13,
484 2927 529 2984 15,
540 2938 564 2978 et
572 2929 671 2978 Arriau.
715 2928 807 2978 Invicta
819 2945 902 2978 ruanis.
920 2929 1027 2991 Quidam
1040 2929 1119 2977 Codd.
1132 2930 1225 2981 habeut

162 3009 348 3069 111‚24.-1n
360 3005 548 3070 supplementum
562 3005 672 3055 discriba-
715 3006 798 3056 iuvita.
820 3008 921 3055 Nemini
940 3006 1030 3070 placuit
1050 3024 1101 3055 vox
1123 3007 1220 3058 invicta.

160 3098 198 3136 tus
212 3087 288 3135 miles.
308 3087 415 3133 Arriano
425 3093 537 3141 auctore,
550 3085 670 3148 singulare
715 3087 766 3133 Alii
782 3087 827 3133 alia
844 3086 1037 3145 substituerunt,
1053 3085 1169 3151 Lefedm
1181 3089 1225 3137 dat

161 3183 249 3230 agmen
258 3164 370 3215 mercede
380 3162 558 3212 conductorum
566 3163 594 3209 in
602 3180 671 3210 exer·
715 3163 828 3232 expedita
833 3199 842 3221 ,
856 3164 967 3213 Freinsh.
979 3164 1087 3228 reliqua,
1107 3167 1224 3217 Heinsius

160 3246 211 3293 citu
223 3247 296 3292 Alex.
305 3244 451 3300 effecerunt,
465 3242 504 3288 cui
517 3258 563 3290 rex
573 3242 671 3290 Andro·
714 3243 802 3300 incita,
817 3243 952 3293 Schelferus
961 3242 1062 3292 indicta.
1075 3244 1174 3295 Judioet
1183 3261 1225 3308 pe·

161 3324 244 3373 uicum
250 3323 366 3386 praefecit,
379 3322 423 3384 qui
432 3322 488 3369 illos
498 3320 564 3368 viros
575 3337 670 3369 servare
714 3322 775 3368 ritus
783 3322 865 3369 lector.
871 3321 972 3369 Nullum
979 3337 1143 3373 sauesuusmn
1151 3323 1223 3370 video

161 3418 213 3450 non
230 3417 331 3466 parvam
349 3416 401 3447 rem
419 3400 571 3449 duxerat—
583 3398 668 3449 Ceteri.
714 3400 741 3447 in
759 3399 865 3457 invictas
883 3399 925 3448 sed
943 3416 1020 3463 quum
1038 3416 1124 3455 omues
1142 3401 1220 3450 Codd.

160 3481 249 3544 Legati.
263 3479 364 3528 Dimissi
378 3489 435 3525 suut
448 3478 535 3536 etiam,
550 3488 672 3540 quotquot
714 3480 883 3537 consentiunt,
897 3478 960 3527 nihil
973 3480 1072 3527 mutavi.

160 3562 304 3608 Graecorum
312 3567 368 3605 aute
378 3558 515 3608 societatem
525 3573 581 3605 cum
591 3559 671 3607 Mace·
753 3556 959 3613 12.Exeollibus,
968 3568 1220 3620 quotoccttpavemnt.

161 3638 269 3688 donibus
281 3638 367 3685 initam
381 3635 501 3697 stipendia
513 3635 578 3698 apud
587 3638 671 3683 Persas
714 3635 775 3684 Cum
789 3646 845 3682 octo
863 3635 970 3683 millibus
984 3647 1162 3699 occupaverant
1179 3653 1223 3683 au·

160 3726 306 3766 meruerant.
317 3716 415 3762 Arrian.
428 3716 480 3772 111,
495 3723 536 3770 24.
713 3715 811 3778 gastins,
820 3714 909 3776 quihus
917 3715 1026 3777 ipsorum
1034 3715 1100 3778 regio
1109 3714 1223 3763 intranda

198 3795 469 3858 11.Mardor1ungens.
490 3792 524 3840 Hi
542 3793 637 3852 Mardi,
656 3809 670 3840 a
713 3803 770 3840 erat.
784 3792 856 3839 Diod.
870 3794 961 3853 xvu,
976 3795 1016 3853 76.
1025 3780 1220 3858 -meuffiund

161 3874 254 3923 Mardis
266 3872 372 3922 Persidis
385 3872 490 3928 diversi,
507 3872 578 3918 litora
596 3873 669 3919 maris
713 3873 805 3919 Omnes
822 3872 870 3918 fere
884 3872 963 3919 Codd.
977 3871 1145 3937 profugentur.
1160 3874 1221 3920 Mox

160 3954 242 4017 Caspii
257 3953 320 4000 circa
332 3952 394 3998 ostia
408 3951 506 4009 Mardi,
518 3950 556 3997 vel
566 3951 669 3999 Amardi
713 3967 769 3997 cum
778 3951 890 4014 plurimis
900 3952 986 4015 scripsi
998 3950 1067 3998 adiri
1077 3969 1123 4017 pro
1134 3952 1218 4009 adire,

158 4030 228 4080 liuvii
239 4041 262 4078 et
271 4039 365 4079 montes
378 4028 435 4075 iude
445 4028 476 4076 ad
486 4029 606 4077 orientem
617 4044 670 4075 ver·
714 4039 737 4075 et
744 4039 863 4092 poterant
874 4045 920 4092 pro
928 4041 1034 4093 poterat.
