2662 4836
193 352 233 425 14

524 350 566 431 Q.
597 347 780 410 curru
808 348 930 413 uum

191 462 373 559 regionem
388 476 629 561 campestrem
648 483 690 531 ac
706 458 863 530 fertilem
877 481 1169 560 occupaverunt,
1183 488 1260 561 gra·

189 596 252 643 ves
276 571 394 641 adbuc
417 571 566 655 accolae3
586 571 688 641 sedes
709 571 847 643 habent
865 588 901 643 et
920 573 959 643 in
976 579 1142 673 Europa,
1167 576 1263 646 etin

190 684 280 754 Asia.
298 682 371 772 Qui
385 705 495 778 super
509 686 710 777 Bosporum
722 678 867 768 colunt,
883 681 1142 758 adscribuntur
1158 685 1261 770 Asiae3

189 805 225 860 at
242 791 306 887 qui
325 791 364 859 in
379 795 524 886 Europa
546 804 652 875 sunt,
672 814 693 859 a
712 788 801 859 laevo
820 790 978 862 Thraciae
999 793 1110 867 latere
1131 793 1175 867 ad
1196 785 1262 865 Bo·

187 901 419 995 rysthenem,
433 913 543 994 atque
553 897 638 967 inde
648 898 694 968 ad
704 899 857 983 Tanain,
871 900 979 970 alium
990 914 1151 987 amnem,
1165 916 1263 972 recta

144 1028 174 1074 ια
189 1009 293 1107 plaga
307 1009 474 1078 attinent.
499 1007 627 1075 Tanais
650 1011 834 1102 Europam
854 1024 891 1078 et
911 1011 1029 1081 Asiam
1047 1013 1189 1084 medius
1207 1013 1262 1082 in·

189 1117 349 1204 terlluit3
372 1141 445 1187 nec
472 1115 676 1199 dubitatur,
707 1116 797 1211 quin
827 1117 990 1212 Scythae,
1018 1121 1082 1215 qui
1110 1123 1262 1192 Parthos

190 1227 404 1313 condidere,
425 1250 502 1295 non
530 1246 550 1293 a
576 1230 760 1320 Bosporo,
783 1226 847 1295 sed
871 1250 915 1296 ex
940 1229 1086 1324 regione
1109 1234 1261 1327 Europa

144 1349 174 1395 1⁵
190 1337 471 1436 penetraverint.
498 1332 595 1405 Urbs
619 1349 695 1404 erat
722 1359 764 1405 ea
791 1348 1005 1432 tempestate
1030 1337 1127 1409 clara
1151 1345 1261 1410 Heca·

189 1535 302 1600 planities
312 1544 369 1581 sunt
379 1533 407 1579 iu
414 1531 529 1579 ulteriore
539 1545 637 1592 quoque
647 1529 704 1593 Scy-

190 1614 258 1674 thia,
283 1623 403 1675 quatenus
423 1609 546 1657 veteribus
567 1608 677 1655 innotuit
696 1625 702 1653 ε

79 1730 92 1745 .
190 1708 266 1756 quare
287 1692 308 1738 si
326 1699 419 1738 veteres
440 1687 564 1751 Scythiam
587 1702 703 1744 omnem,

190 1770 313 1834 cognitam
327 1779 350 1815 et
364 1760 528 1830 incognitam,
546 1775 705 1828 campestrem

191 1849 321 1908 dixerunt,
337 1862 390 1894 nou
405 1847 490 1892 miror.
508 1845 602 1908 Scythae
612 1860 704 1892 vocan-

192 1937 232 1974 tur
251 1942 340 1992 pares
357 1924 438 1972 adletae
458 1925 562 1980 accola,
585 1924 633 1971 hoc
654 1935 703 1984 est,

191 2021 245 2053 nou
259 2005 318 2051 olim
330 2005 408 2052 solum
423 2004 450 2050 in
463 2003 521 2050 alias
533 2013 608 2050 terras
619 2019 704 2051 excur-

192 2086 273 2133 siones
286 2085 362 2130 facere
375 2083 454 2139 soliti,
468 2081 526 2142 sed,
544 2082 623 2130 Curtii
640 2098 703 2145 quo·

192 2179 239 2228 que
259 2173 384 2226 tempore,
403 2178 487 2225 graves
499 2163 584 2209 accolae
595 2162 704 2209 cuicum-

192 2259 240 2306 que
263 2241 357 2305 populo
378 2242 468 2289 vicino.
491 2242 524 2287 At
543 2243 592 2301 jam
610 2242 669 2289 inde
689 2259 702 2291 a

191 2320 344 2384 temporibus
353 2318 504 2369 Mithridatis
512 2320 596 2383 Magni
607 2321 705 2384 Scytha.

193 2414 248 2447 rum
262 2398 293 2445 ab
307 2399 357 2447 oria
375 2399 447 2445 Ponti
460 2398 617 2462 depulsorum
635 2400 704 2447 sedes

193 2481 307 2528 Sarmatae
321 2463 450 2536 tinebant,
467 2479 495 2525 hi
510 2493 608 2540 quoque
620 2495 704 2541 graves

193 2559 360 2608 acromatum
370 2558 444 2621 igitur
454 2556 484 2603 de
491 2557 587 2620 Scythis
595 2559 704 2621 superio-

194 2639 227 2685 ris
238 2638 315 2695 Asia,
329 2637 472 2700 Massagetis
485 2645 509 2682 et
519 2634 599 2695 Sacis,
613 2636 703 2684 intelli·

193 2717 341 2782 gendusest,
351 2715 466 2779 gravibus
474 2713 703 2781 Parthorum'regno

193 2797 297 2844 vicinis?
307 2795 367 2842 Non
377 2794 410 2840 ita
420 2793 525 2840 videtur.
536 2794 599 2841 Nam
610 2796 701 2858 pergit:

193 2877 266 2924 Sedes
274 2872 633 2931 habentscilicetnunc,Curtii
641 2889 703 2936 quo·

193 2971 241 3018 que
251 2965 375 3018 tempore,
385 2951 440 2999 etin
450 2951 548 3014 Europa
559 2951 615 2998 etin
624 2953 701 3010 Λείας

193 3045 217 3082 et
228 3053 234 3082 ε
247 3033 323 3100 quiin
331 3033 430 3095 Europa
438 3040 507 3091 suut,
523 3047 540 3078 a
553 3031 613 3078 loero
626 3031 702 3079 Tlsra·

193 3115 237 3163 cia
246 3116 324 3163 latere
332 3112 370 3160 ad
376 3109 556 3173 Borysthenem,
566 3121 638 3174 atque
647 3110 704 3158 inde

193 3194 231 3241 ad
244 3192 340 3240 Tanain
350 3191 426 3240 alium
439 3207 534 3238 amnem
550 3200 616 3237 recta
624 3191 703 3255 plaga

194 3274 304 3320 ararent.
316 3271 391 3333 Quod
405 3270 562 3319 solummodo
576 3270 607 3317 de
624 3269 713 3318 rtem·

194 3351 247 3399 doti
255 3350 351 3414 Scythis
361 3366 445 3396 verum
455 3359 498 3397 est.
508 3349 534 3396 Si
544 3348 648 3408 adjecit:
663 3345 706 3412 qui

193 3447 267 3494 super
280 3431 410 3489 Bosporum
429 3429 522 3488 colunt,
539 3427 707 3475 adscribuntur

194 3510 275 3569 Asia,
295 3507 468 3572 intelligendus
490 3508 614 3571 Bosporus
637 3507 704 3555 Cim-

194 3590 285 3638 merius
293 3587 375 3648 ,ultra
387 3603 460 3650 quem
473 3587 515 3648 qui
527 3586 558 3633 ad
568 3586 651 3633 laevam
660 3588 705 3634 Ta·

193 3669 247 3716 nais
265 3666 392 3724 colebant,
413 3665 477 3712 Asia
494 3664 704 3712 adscribebantur.

193 3750 219 3797 Si
236 3758 347 3796 nostrum
363 3745 427 3793 hene
444 3745 518 3804 novi,
531 3744 613 3792 locum
626 3745 705 3793 Graeci

192 3829 294 3888 alicujus
303 3824 447 3888 antiquioris
455 3860 463 3879 ,
471 3840 516 3872 suo
524 3840 575 3871 aevo
583 3839 639 3871 vera
646 3825 705 3872 scri-

193 3905 284 3962 bentis,
293 3905 324 3952 ad
334 3903 406 3952 verba
414 3902 521 3967 reddidit
527 3903 638 3950 latinum.
645 3903 704 3951 Nou

193 3985 268 4033 sudio
286 4000 344 4044 eos,
359 3985 402 4047 qui
415 3984 495 4047 prima
507 3982 594 4043 verba,
609 3983 704 4044 Sartha

192 4063 370 4124 regionem...
381 4063 484 4117 accola,
496 4062 529 4111 ita
541 4062 703 4124 interpretan-

748 1523 808 1575 tui:
823 1529 918 1594 Scytha
934 1542 1086 1596 occuparunt
1102 1543 1261 1597 campestrem

749 1617 772 1655 et
779 1607 882 1656 fertilem
890 1609 1045 1658 Parthienen.
1058 1612 1261 1673 Parthiene,sive

748 1688 831 1751 potius
843 1688 982 1754 Parthyaea,
992 1706 1039 1737 nec
1050 1692 1204 1754 campestris,
1215 1707 1261 1739 nee

748 1765 849 1826 fertilis,
862 1768 906 1814 sed
917 1768 1050 1816 maximam
1060 1779 1153 1833 partem
1168 1770 1259 1818 monti·

749 1844 796 1892 bus
810 1855 835 1892 et
847 1862 921 1893 arena
934 1846 1015 1894 obsita
1028 1858 1096 1908 erat;
1116 1860 1141 1896 et
1153 1849 1260 1913 Scytha,

747 1934 864 1987 occupata
875 1925 989 1989 regione,
998 1935 1055 1974 'non
1064 1927 1155 1975 accola
1169 1928 1213 1975 sed
1223 1928 1260 1974 in·

747 2003 807 2050 coloe
818 2003 868 2050 dici
879 2003 1030 2053 debuissent.
1042 2009 1100 2055 Haec
1113 2006 1259 2056 Sclsrrrieder.

748 2081 894 2129 conferatur
907 2083 983 2131 iudex
995 2086 1179 2149 geographicas.

787 2169 826 2216 14.
845 2160 897 2209 Nec
919 2162 1051 2224 arbiratur,
1072 2163 1132 2227 quin
1151 2164 1261 2226 Scytha,

748 2237 791 2301 qui
796 2237 897 2286 Parthos
905 2241 1045 2302 condidere,
1057 2257 1105 2288 nors
1118 2259 1135 2289 a
1146 2245 1259 2306 Bosporo,

748 2317 795 2363 sed
808 2333 841 2362 ex
854 2317 951 2382 regione
960 2319 1062 2384 Europa
1067 2321 1259 2384 penetraverint.

749 2396 908 2444 Excusandus
920 2408 956 2445 est
969 2408 1053 2446 noster
1067 2415 1098 2447 ex
1111 2416 1195 2447 errore
1207 2417 1260 2448 om·

748 2476 823 2524 uibus
849 2478 1031 2541 antiquioribus
1062 2478 1092 2525 dc
1111 2469 1260 2527 'Alexandro

748 2555 909 2619 scriptoribus
926 2557 1061 2606 communi.
1080 2557 1222 2606 Alexander
1238 2567 1261 2604 et

747 2633 896 2682 Macedones
909 2651 954 2698 per
965 2635 1115 2682 Bactrianam
1126 2646 1150 2683 et
1158 2636 1259 2700 Sogdia·

747 2729 805 2761 uam
817 2715 1016 2778 septemtrionem
1028 2731 1111 2762 versus
1123 2717 1260 2780 progressi,

747 2794 830 2841 nescio
837 2809 887 2858 quo
895 2793 956 2853 fato,
967 2794 994 2841 in
1002 2791 1117 2842 confiniis
1126 2797 1231 2860 Europa
1238 2805 1262 2842 et

748 2871 813 2918 Asiae
825 2889 851 2920 se
862 2873 953 2921 versari
962 2873 1108 2933 credebant;
1122 2875 1261 2938 Paropami-

748 2967 789 2998 sus
796 2967 868 3000 mons
874 2952 1006 3000 vocabatur
1012 2953 1144 3010 Cancmum
1153 2955 1260 3001 Iaxartes

747 3029 852 3089 fluvius,
871 3031 942 3096 (Syr.
954 3031 1049 3094 Duria)
1066 3031 1197 3079 videbatur
1209 3048 1259 3078 esse

747 3110 844 3158 Tanais.
858 3111 922 3174 Ergo
934 3126 988 3173 quae
998 3121 1061 3158 terra
1073 3112 1137 3158 ultra
1147 3113 1260 3160 Iaxarten

748 3200 812 3248 erat,
830 3206 877 3253 pro
895 3192 992 3255 Europa
1010 3191 1158 3249 habebatur,
1174 3192 1260 3240 incola

747 3286 794 3333 pro
804 3270 900 3334 Scythis
912 3272 1054 3334 Europaeis,
1068 3288 1081 3319 a
1094 3272 1185 3333 quibus
1199 3272 1260 3336 quin

748 3349 832 3397 Parthi
845 3351 938 3397 conditi
953 3352 1016 3409 sint,
1030 3352 1073 3398 vix
1086 3343 1201 3399 dubitari
1213 3367 1259 3414 po·

747 3438 801 3476 test.
815 3429 900 3476 Parthi
913 3423 971 3493 ergo
985 3446 1036 3477 non
1050 3446 1062 3478 a
1077 3430 1188 3493 Bosporo
1199 3431 1260 3478 cim·

748 3507 826 3554 merio
848 3524 893 3571 per
912 3510 1048 3557 Caucasum
1070 3511 1215 3558 Armeniam
1237 3519 1260 3556 et

748 3587 857 3637 Mediam
871 3589 902 3636 ad
914 3600 1010 3651 montes
1019 3606 1077 3638 suos
1087 3599 1260 3654 penetrarunt,

749 3667 830 3714 sodex
838 3670 981 3732 regionibus¹
989 3670 1052 3717 ultra
1058 3686 1124 3717 mare
1132 3670 1260 3733 Caspium,

749 3762 797 3808 qus
808 3748 847 3794 via
859 3759 882 3796 et
895 3750 946 3797 alise
957 3761 1040 3814 gentes
1058 3752 1085 3798 in
1097 3750 1183 3798 Asiam
1196 3739 1276 3797 infe-⁸

748 3826 839 3873 riorem
853 3839 1020 3890 penetrarunt.

787 3907 826 3953 15.
840 3905 1034 3973 Hecatompylos.
1047 3909 1106 3954 Vox
1119 3925 1195 3973 graeca
1209 3919 1261 3968 est,

748 3993 772 4030 et
794 3983 880 4032 urbem
904 3998 1002 4036 centnm
1021 3997 1103 4051 portas
1128 3988 1258 4036 habentem

748 4063 875 4127 significat.
891 4067 916 4114 Si
930 4067 1044 4131 Appiano
1058 4066 1087 4114 in
1100 4068 1192 4132 Syriae.
1206 4083 1260 4116 cre·
