2662 4836
228 340 268 403 ιε
544 337 586 420 Q.
619 286 809 401 oraru
842 337 972 402 surr

225 467 301 538 est,
321 449 408 521 dum
423 450 628 522 mitioribus
646 451 797 548 ingeniis
816 450 1043 538 imbuantur,
1067 466 1106 522 et
1123 449 1293 525 efferatos

198 560 370 632 amollior
389 559 613 631 consuetudo
637 561 866 658 permulceat.
892 567 1023 658 Fruges
1044 587 1195 660 quoque
1217 588 1292 634 ma·

223 671 407 741 turitatem
422 682 555 740 statuto
567 684 732 766 tempore
746 685 978 769 exspectant:
995 670 1085 742 adeo
1095 673 1205 743 etiam
1216 672 1292 761 illa,

197 777 475 851 ⁸sensusomnis
483 778 788 875 expertia,tamen
797 803 860 848 sua
871 778 948 875 lege
957 779 1166 880 mitescunt!
1176 781 1298 872 Quid?

225 887 370 959 creditis
393 899 447 956 tot
465 900 591 982 gentes
608 885 754 956 alterius
773 886 929 983 imperio
946 911 987 957 ac
1004 889 1153 959 nomine
1173 913 1294 960 assue-

222 1012 298 1094 tas,
317 1020 393 1067 non
409 995 534 1080 saeris,
552 1020 627 1064 non
642 993 822 1081 moribus,
837 1020 913 1065 non
931 997 1147 1066 commercio
1164 996 1297 1094 linguae

223 1104 414 1175 nobiscum
440 1104 681 1187 cohaerentes,
712 1103 840 1174 eodem
869 1105 992 1202 praelio
1017 1103 1169 1176 domitas
1193 1132 1297 1196 esse,

223 1240 297 1311 quo
312 1215 413 1284 victae
430 1214 540 1284 sunt?
562 1214 700 1284 Vestris
720 1214 828 1283 armis
846 1214 1096 1302 continentur,
1113 1240 1193 1285 non
1220 1218 1296 1288 suis

222 1323 409 1411 moribus3
439 1337 496 1407 et,
527 1323 591 1418 qui
620 1336 813 1419 presentes
841 1337 1030 1409 metuunt,
1060 1325 1100 1393 in
1129 1324 1296 1396 absentia

222 1433 344 1504 hostes
360 1446 478 1503 erunt.
495 1434 585 1501 Cum
603 1428 687 1501 feris
701 1430 826 1501 bestiis
845 1455 903 1501 res
918 1447 992 1518 est,
1011 1456 1101 1528 quas
1115 1449 1236 1530 captas
1258 1451 1297 1506 et

220 1543 394 1630 inclusas,
412 1541 496 1637 quia
508 1540 666 1636 ipsarum
683 1556 812 1612 natura
824 1567 899 1612 non
912 1557 1047 1640 potest,
1060 1543 1203 1641 longior
1217 1544 1301 1616 dies

194 1653 370 1749 amitigat.
397 1655 443 1719 Et
466 1647 583 1718 adhuc
609 1649 659 1731 sio
680 1674 767 1745 ago,
794 1665 978 1747 tamquam
1004 1654 1126 1724 omnia
1143 1654 1297 1726 subacta

223 1764 295 1833 sint
311 1760 438 1845 armis,
457 1783 537 1855 quoe
556 1756 704 1828 luerunt
723 1760 762 1828 in
783 1760 921 1834 ditione
942 1765 1054 1834 Darii.
1073 1768 1297 1861 Hyrcaniam

223 1871 452 1944 Nabarzanes
465 1870 672 1966 occupavit3
687 1874 810 1940 Bactra
823 1896 899 1941 non
912 1871 1072 1970 possidet
1084 1874 1203 1947 solum
1217 1902 1300 1975 par·

224 1980 337 2052 ricida
353 1986 498 2065 Bessus,
523 1979 586 2050 sed
610 1981 717 2049 etiam
739 1981 923 2053 minatur:
950 1982 1139 2079 Sogdiani,
1161 1986 1300 2073 Dahae,

226 2097 448 2186 Massagetae,
464 2095 573 2176 Saoae,
589 2090 671 2160 Indi
683 2091 839 2186 suijuris
854 2106 950 2162 sunt.
965 2096 1101 2163 Omnes
1114 2093 1173 2179 hi,
1188 2096 1298 2167 simul

184 2225 216 2258 ¹⁰
227 2217 326 2297 terga
351 2216 473 2271 nostra
490 2200 663 2285 viderint,
692 2216 901 2296 sequentur.
929 2200 985 2270 Illi
1010 2202 1108 2271 enim
1130 2203 1296 2296 ejusdem

227 2310 385 2382 nationis
403 2324 506 2396 sunt;
528 2333 596 2378 nos
613 2308 820 2406 alienigenae
840 2324 876 2381 et
897 2311 1057 2380 externi:
1082 2311 1155 2380 suis
1172 2328 1297 2384 autem

226 2422 362 2518 quique
385 2433 514 2518 parent
532 2416 726 2516 placidius,
750 2420 859 2491 etiam
878 2443 993 2516 quum
1013 2420 1043 2488 is
1063 2435 1213 2516 praeest,
1233 2425 1296 2519 qui

226 2645 298 2692 quarn
307 2628 405 2676 virium.
412 2650 425 2669 ι»
434 2654 469 2664 -
479 2626 578 2674 Mollior
583 2627 735 2676 consuemdo.
781 2627 833 2674 aliis
840 2626 979 2690 sanguineis
986 2625 1070 2672 bestiis
1077 2624 1206 2686 dicuntur,
1214 2629 1257 2676 sed
1264 2629 1299 2677 de

227 2708 277 2755 Atii
293 2707 373 2755 codd.
390 2706 476 2754 melior
496 2706 651 2765 comitetudo,
668 2706 736 2769 qnod
780 2706 857 2752 cervis
869 2721 981 2768 quoque,
997 2704 1074 2751 damis
1086 2706 1230 2768 eaeterisque
1242 2723 1295 2772 quae

227 2787 305 2834 nostri
314 2785 421 2845 habent,
433 2795 457 2832 et
467 2785 571 2833 malebat
582 2784 691 2832 Modius.
779 2801 833 2833 non
845 2785 877 2832 ad
890 2785 1000 2832 hominis
1013 2796 1113 2846 nutum,
1130 2787 1194 2834 sieut
1207 2804 1296 2850 caum,

262 2865 287 2911 8.
296 2864 326 2911 In
334 2863 453 2912 absentia.
464 2864 526 2912 Cum
535 2863 649 2911 Acidalio
660 2863 735 2910 male·
779 2865 1054 2928 autequi,mitigantur.
1062 2865 1296 2916 BarlsarIeffemiua·

226 2945 268 2992 bat
280 2941 306 2989 in
320 2942 428 2990 absentes
444 2942 622 2990 Schmiederus.
631 2969 666 2978 -
677 2943 735 2990 Cam
779 2953 817 2992 tos
831 2960 912 2991 mores
925 2943 1016 2990 habere
1032 2954 1161 3007 poterant,
1183 2947 1228 2993 sed
1242 2963 1296 2996 non

221 3023 286 3091 feris
303 3021 391 3072 bestiis.
412 3023 446 3069 Ea
463 3022 498 3068 ibi
512 3022 662 3069 Schmiederi
678 3032 736 3071 nota
779 3040 831 3071 esse
843 3023 963 3086 mitigatos
974 3022 1156 3088 (appriroisds).

226 3115 283 3153 est:
304 3102 396 3151 «Num
414 3101 461 3148 tibi
480 3101 579 3149 Curtius
599 3100 735 3148 orationem
816 3118 840 3165 9.
861 3100 969 3165 Sicago.
992 3101 1032 3148 ste
1046 3101 1163 3164 loquutus
1176 3120 1240 3151 sum.
1260 3133 1294 3142 -

226 3179 736 3242 Alexandribenefinxissevidetur,quurn
779 3181 940 3243 Massagetae,
963 3181 1041 3228 Sacae.
1063 3181 1134 3242 Quos
1149 3197 1203 3228 uon
1219 3183 1293 3231 fnisse

225 3278 268 3309 eos
281 3260 413 3327 barbaros,
432 3274 538 3321 quorum
555 3258 662 3304 maxima
678 3274 735 3321 pars
780 3261 907 3308 Persarum
927 3257 1053 3314 subditos,
1077 3259 1121 3306 aed
1144 3275 1175 3306 ex
1195 3261 1293 3309 foedenis

226 3357 327 3388 summae
338 3338 448 3386 mollitiei
460 3337 542 3384 dedita
553 3347 618 3396 erat,
630 3353 735 3399 quornm
779 3337 830 3400 lege
842 3340 955 3398 junctos,
970 3353 1043 3400 supra
1057 3337 1089 3383 ad
1100 3337 1145 3384 lib.
1155 3338 1200 3398 IV,
1215 3355 1247 3401 9,
1263 3357 1292 3399 a,

226 3434 307 3466 mores
322 3433 354 3465 ex
366 3427 433 3480 parte
444 3416 483 3463 vel
498 3415 640 3462 Alexander
654 3408 745 3464 imita·⁴
779 3417 927 3463 monuimus.
936 3413 1156 3479 -Suijun'ssant
1165 3417 1298 3482 Suisipso·

225 3498 298 3545 batur
306 3497 358 3561 (na
368 3530 375 3553 ,
385 3494 495 3558 alferus
505 3495 599 3550 bestias,
613 3504 637 3540 et
647 3511 733 3558 supra:
778 3512 833 3542 rtun
843 3494 955 3559 legibus,
967 3511 1020 3542 non
1034 3495 1125 3542 nostris
1135 3507 1231 3559 parent.

225 3577 353 3643 efferatos,
370 3573 499 3621 mitioribus
511 3573 613 3637 ingenie}
626 3573 735 3620 imbuere·
817 3591 856 3622 ιο.
874 3574 992 3640 Ejusdem
1004 3572 1110 3620 radonis
1125 3585 1188 3625 swas,
1206 3577 1293 3626 Eidem

225 3658 267 3704 dos
280 3655 422 3720 appellatis»
436 3652 484 3698 Sed
498 3668 551 3699 non
565 3653 686 3715 reputavit
696 3654 734 3700 vir
777 3655 882 3717 imperio
901 3655 950 3701 huc
968 3670 1045 3715 usque
1066 3654 1156 3700 assueti
1173 3655 1296 3704 sueruuta

224 3737 253 3784 el.
273 3734 369 3783 nonde
385 3731 495 3778 moribus
514 3731 674 3778 barbarorum
692 3731 733 3780 hic
776 3723 1288 3800 perxetdgpnmaieaquitae-Timeri.

225 3830 294 3878 agere
314 3811 498 3868 Alexandrum,
519 3810 561 3857 sed
581 3810 611 3857 de
633 3811 733 3874 ingenio
776 3812 864 3858 Sensus
872 3812 1003 3858 estzetiam
1013 3828 1127 3875 asperum
1134 3823 1158 3859 et
1167 3814 1289 3863 immitam

224 3903 319 3940 tantum
326 3907 397 3939 novae
405 3890 568 3938 dominationi
577 3891 689 3938 nondum
698 3907 733 3937 as·
777 3891 929 3954 Principem,
938 3891 997 3937 dnm
1007 3891 1122 3954 indigena
1132 3893 1177 3950 ait,
1190 3894 1293 3942 tolerari

226 3983 303 4020 sueto.
313 3974 356 4019 Hae
367 3970 540 4035 voees,feras,
551 3968 676 4034 efferatos,
687 3980 732 4016 etc.
775 3986 825 4032 prae
840 3981 941 4018 externo
955 3981 978 4016 et
990 3971 1082 4028 alieno,
1099 3983 1289 4035 quantumcum-

226 4069 279 4099 non
292 4052 322 4098 de
334 4050 448 4097 leonibus
459 4049 550 4103 modo,
565 4049 678 4112 pardlsve
692 4058 733 4095 aut
776 4063 823 4110 que
836 4049 979 4098 humanust
990 4049 1048 4097 leni.
