2662 4836
480 361 639 425 LIBER
668 360 730 424 VI.
1096 357 1136 422 25

68 475 227 546 maxime
248 475 426 562 similem,
449 499 564 571 quum
590 474 753 544 eminent
786 495 942 555 cornua,
971 470 1136 540 nondum

68 595 189 654 toturn
215 583 344 656 orbem
373 585 489 656 sidere
514 584 698 680 implente.
727 583 902 668 Cercetae,
928 579 1074 674 Mosyni
1101 592 1175 649 etta

69 691 253 790 Chalybes
275 720 296 764 a
318 695 403 764 laeva
424 709 534 765 sunt:
560 693 604 764 ab
625 693 737 763 altera
759 707 859 788 parte
880 689 1076 784 Leucosyri
1100 702 1136 758 et

68 804 296 874 Amazonum
310 805 447 901 campi3
464 819 500 874 et
516 803 616 892 illos,
634 827 706 899 qua
721 804 834 899 vergit
847 801 892 871 ad
907 799 1135 899 septemtrio·

30 953 35 963 ·
70 933 183 999 nem,
217 911 284 983 hos
314 913 358 984 ad
390 937 555 984 occasum
585 937 757 983 conversa
788 925 1002 1010 prospectat.
1035 913 1177 978 Mare18

70 1020 264 1117 Caspium,
285 1022 423 1094 dulcius
442 1024 587 1106 ceteris,
607 1022 761 1120 ingentis
783 1019 1040 1116 magnitudinis
1062 1041 1137 1088 ser·

68 1146 201 1224 pentes
217 1131 301 1202 alit:
320 1135 472 1232 piscium
487 1135 594 1231 longe
610 1134 773 1205 diversus
788 1131 834 1202 ab
850 1132 927 1202 aliis
944 1130 1044 1201 color
1060 1143 1137 1214 est3

72 1238 223 1332 quidam
247 1244 434 1339 Caspium,
458 1243 607 1339 quidam
623 1249 831 1339 Hyrcanum
848 1239 1055 1338 appellant:
1079 1236 1140 1308 alii

69 1401 124 1448 vito
142 1404 244 1463 Curtio,
266 1415 294 1451 ut
312 1406 407 1453 veriora
426 1406 528 1465 doceas,
550 1408 584 1455 sic
629 1416 695 1453 recto
712 1405 801 1453 ordine
814 1413 922 1451 anostro
937 1402 1014 1448 locata
1030 1411 1094 1448 sunt.
1106 1401 1140 1447 Et

69 1479 154 1528 locum
174 1482 352 1546 interpretare:
366 1484 415 1531 duo
421 1519 430 1541 ‚
448 1501 502 1532 non
515 1495 585 1533 terroe
630 1484 682 1533 illos
696 1481 837 1549 (Cercetas)
849 1490 988 1546 prospectat
1000 1489 1078 1538 terra,
1089 1495 1139 1542 qun

72 1559 138 1624 qius,
158 1561 203 1610 scd
222 1564 343 1610 montium
364 1565 540 1612 Armeniorum
560 1575 584 1612 et
628 1580 661 1611 ex
670 1564 758 1610 intimo
771 1563 827 1609 sinu
839 1562 876 1608 ad
882 1558 1068 1626 septemtrionem
1076 1573 1138 1605 cer·

72 1639 230 1687 Medicorum
247 1642 317 1688 velut
329 1642 428 1690 brachia
439 1654 582 1703 eacunwtt,
625 1642 677 1707 git,-
695 1641 738 1688 tos
754 1643 907 1705 Leucosyros
920 1650 944 1686 et
956 1638 1063 1701 reliquos
1075 1647 1140 1684 tetra

69 1733 103 1763 ex
117 1718 203 1765 Media
219 1721 432 1784 septemtrionem,
449 1732 474 1769 et
490 1739 522 1770 ex
534 1724 583 1769 Am
627 1721 664 1768 ad
674 1736 784 1768 occastun
799 1735 912 1767 conversa
924 1726 1061 1783 prospectat
1065 1750 1074 1773 ,
1090 1715 1139 1763 hoc

70 1797 152 1844 menia
163 1809 351 1858 ortumversus3
366 1801 407 1847 isti
420 1811 515 1848 montes
530 1815 583 1847 mc·
628 1810 677 1857 est,
693 1800 744 1859 illi,
763 1799 785 1846 si
803 1814 834 1845 ex
851 1799 940 1846 intimo
959 1796 1016 1843 sinu
1032 1803 1141 1858 spectas,

70 1872 125 1923 dico
136 1875 213 1942 flexu
230 1893 273 1936 ea,
296 1895 349 1941 quae
367 1879 432 1926 inter
453 1888 583 1942 utrumque
628 1880 732 1927 maxime
743 1880 942 1944 septemtrionem
953 1876 1141 1936 versus,hioc·

72 1952 200 2004 brachium
211 1956 294 2003 media
302 1968 373 2017 sunt,
385 1956 464 2004 sinum
469 1956 581 2024 faciunt,
628 1975 711 2007 casum
727 1975 811 2006 versus
831 1958 871 2005 siti
888 1967 952 2005 sunt.
965 1959 1024 2004 Haec
1036 1965 1060 2002 et
1072 1969 1140 2019 seqq.

73 2048 123 2096 qno
136 2037 283 2084 terminatur
298 2053 364 2084 mare
382 2036 505 2102 Caspium.
524 2038 584 2085 Non
627 2039 677 2085 fere
693 2039 777 2085 omnia
791 2054 823 2085 ex
835 2036 993 2085 Schmiedero
1003 2044 1068 2082 sunt.

73 2111 112 2160 ille
126 2115 212 2174 sinus,
225 2115 269 2162 sed
284 2116 337 2180 ipsa
350 2117 471 2164 montium
484 2116 584 2165 brachia
667 2118 706 2164 18.
729 2118 801 2163 Mare
826 2115 939 2181 Caspium
963 2113 1055 2160 dttlcius
1076 2121 1139 2159 cete·

74 2186 140 2240 tune
147 2189 258 2242 maxime
265 2195 354 2244 similia
364 2207 420 2243 sunt
424 2231 433 2253 ,
444 2213 516 2261 quum
527 2196 584 2244 emi·
629 2194 675 2257 ris,
687 2206 732 2242 etc.
747 2195 841 2242 Similia
853 2195 1008 2243 tradiderunt
1021 2209 1052 2240 ex
1065 2190 1140 2254 Poly·

76 2281 131 2318 nent
144 2288 236 2321 comua
249 2274 354 2320 nondum
368 2284 442 2321 totum
454 2275 535 2321 orbem
550 2273 584 2321 si·
629 2275 691 2323 cleto
702 2275 803 2335 Strabo,
813 2290 868 2338 pag.
879 2291 938 2334 777,
948 2272 991 2319 lih.
1000 2274 1053 2329 xm
1065 2269 1140 2316 Diod.

77 2351 130 2399 dere
143 2352 257 2417 implente
259 2389 308 2404 .....
325 2357 380 2402 Huc
395 2371 473 2417 usque
486 2355 584 2402 Curtius
629 2355 776 2414 t.xv11,c.
790 2356 837 2414 75,
851 2353 936 2401 etalii.
949 2354 987 2399 Ex
1001 2361 1059 2399 nota
1073 2348 1140 2395 Petri

75 2431 260 2480 oumStrabone
272 2433 456 2496 quodammodo
468 2432 585 2497 componi
629 2435 786 2498 Wesselingii
805 2434 856 2480 haec
876 2432 1008 2480 adscribo:
1022 2431 1140 2477 «Nostrae

76 2520 175 2573 poterat.
189 2512 294 2576 Reliqua
307 2513 335 2560 in
345 2513 465 2561 Strabone
480 2528 532 2559 non
548 2512 584 2559 le·
628 2514 810 2578 superiorisque
841 2513 915 2559 aetatis
946 2510 1140 2575 peregrinatores

75 2601 176 2652 guntur,
198 2607 212 2637 a
230 2591 316 2639 Curtio
335 2609 381 2656 pro
401 2592 517 2640 doctrinae
536 2607 585 2638 suae
629 2593 711 2656 Caspii
723 2593 796 2639 maris
813 2608 900 2655 aquarn
914 2591 949 2638 ob
960 2590 1086 2636 incursum
1104 2596 1141 2634 tot

75 2671 144 2732 copia
153 2669 254 2729 adjecta.
262 2671 330 2718 Miro
341 2673 407 2719 enim
416 2671 491 2718 modo
501 2687 514 2717 a
524 2669 586 2718 mari
630 2673 738 2720 amnium
750 2688 828 2735 prope
838 2672 920 2719 littora
931 2669 1041 2728 dulcem,
1052 2665 1140 2713 abillis

73 2747 206 2812 Caspiosd
214 2750 320 2796 Pontum
332 2749 458 2796 Euxinum
470 2749 583 2796 transfer·
627 2762 745 2799 remotam
767 2752 881 2815 longius,
906 2764 1015 2797 amarum
1040 2763 1068 2793 ac
1091 2745 1140 2793 sale

75 2833 128 2887 tur,
149 2828 220 2889 quus
239 2838 276 2875 est
293 2819 377 2887 sinus,
396 2844 469 2891 quem
486 2827 584 2876 Colchis
628 2830 706 2878 multo
719 2828 835 2877 infectum
845 2838 1003 2893 repererunt,
1015 2834 1140 2889 serpentes

74 2905 179 2966 claudit,
199 2906 319 2954 Caucasus
337 2918 361 2954 et
379 2907 512 2971 Paryadres
531 2907 584 2954 cin·
629 2919 709 2956 autem
722 2908 818 2964 nullos,
831 2923 893 2970 quos
906 2917 929 2953 et
941 2905 1026 2953 accolae
1039 2906 1139 2970 ignora·

77 2993 142 3045 gunt.
157 2987 188 3032 In
201 3000 231 3032 eo
243 2986 313 3044 sinu,
327 2986 348 3032 si
360 2985 391 3032 sb
403 3000 490 3032 occasu
503 2997 586 3032 ortum
629 2986 703 3047 bant,
715 2988 833 3034 referente
846 2985 894 3032 Ad
906 2984 1003 3032 Oleario
1017 2985 1074 3030 ltin.
1085 2984 1139 3042 sui,

73 3075 159 3110 versus
171 3055 284 3127 navigas,
298 3080 315 3110 a
326 3065 387 3111 loeva
400 3073 455 3110 sum
466 3063 583 3120 Cercetae,
629 3083 685 3130 pag.
707 3067 765 3129 339.
778 3088 791 3107 n
813 3065 922 3113 Similem
945 3080 997 3111 esse
1018 3063 1139 3110 rationem

74 3139 174 3189 Caucad
184 3141 215 3189 ad
224 3144 331 3190 Pontum
342 3143 427 3190 accolae
437 3142 583 3207 (vidstrah.
627 3146 731 3210 piscium
742 3142 966 3207 coloreaplacihus
978 3143 1051 3189 maris
1062 3141 1139 3189 medi·
1218 3168 1221 3176 ι

74 3235 98 3284 p.
109 3221 183 3285 760),
192 3233 216 3269 et
227 3223 278 3270 alie
286 3234 369 3286 gentes
376 3240 384 3282 3
392 3223 424 3270 ab
432 3223 585 3286 altempane
627 3225 732 3271 terranei
746 3224 817 3287 longo
830 3222 999 3281 diversorum,
1011 3222 1053 3268 vix
1064 3213 1137 3268 duhi·

75 3301 585 3366 suntLencosyri,siveCappadoces,circa
627 3312 662 3350 to.
680 3301 877 3360 Freinshemius,
895 3299 1039 3356 Schmieder,
1053 3300 1137 3348 multi·

74 3379 136 3427 ostia
145 3380 238 3444 Halyos
249 3391 274 3428 et
281 3381 356 3429 Iridis
364 3381 514 3440 flnviorum3
525 3381 584 3428 inde
628 3397 675 3443 qne
686 3381 728 3427 alii
735 3381 841 3428 editores
850 3380 977 3442 scripsere,
981 3379 1060 3442 pisces
1067 3380 1138 3443 longe

73 3459 105 3506 ad
129 3460 250 3507 orientem
276 3470 411 3524 sequuntur
433 3462 584 3508 Amazonum
628 3457 720 3505 diversi
731 3458 764 3504 ab
777 3457 833 3504 aliis
842 3456 940 3504 coloris:
954 3473 998 3520 ego
1007 3457 1137 3505 lectionem

73 3537 168 3601 campi,
182 3538 233 3586 sive
246 3555 275 3585 ea
287 3540 369 3603 regio,
382 3555 454 3602 quam
466 3539 585 3603 antiquis·
628 3538 723 3602 praetuli
737 3554 810 3601 quam
831 3536 890 3584 dant
908 3552 939 3583 ex
957 3536 1140 3600 Saelenhurgii

74 3615 313 3680 simis-temporibus
327 3619 464 3665 Amazones
477 3620 585 3668 tenuisse
629 3617 707 3666 Codd.
717 3617 744 3663 B.
757 3633 783 3675 1,
795 3632 822 3677 a,
834 3616 912 3664 Amat.
923 3615 1000 3679 Lugd.
1010 3616 1138 3677 nostrique

73 3695 221 3754 ferebantur,
238 3697 303 3744 circa
320 3686 520 3745 'lhermodoonm
537 3697 585 3745 flu·
628 3698 701 3744 etiam
711 3696 788 3760 regii,
801 3696 851 3744 nisi
864 3694 932 3758 quod
944 3694 1037 3742 habent
1051 3692 1140 3744 diversi
1199 3737 1201 3741 .

74 3775 213 3833 vium3tum
220 3774 340 3837 Chalybes
348 3775 379 3822 ad
386 3778 584 3839 promontorium
628 3791 675 3839 pro
695 3775 811 3823 adversus.
827 3802 863 3812 -
879 3774 985 3838 Quidam
1007 3773 1136 3837 Caspium,

74 3854 218 3913 samnium
231 3853 338 3917 denique
349 3854 459 3916 Mosyni,
476 3856 541 3925 siye,
557 3866 585 3902 ut
628 3854 727 3920 quidm
741 3855 879 3916 &reanum
892 3854 1026 3918 appellant.
1037 3855 1138 3900 Utrum·

74 3932 127 3987 aliis
136 3943 271 3992 vocantur,
285 3934 419 3995 Mosynaeci
429 3934 478 3999 (de
495 3934 585 3997 quibus
628 3949 675 3997 que
684 3949 776 3982 nomen
784 3934 816 3981 ah
823 3934 911 3980 accolis
918 3933 1001 3981 datum
1010 3942 1058 3991 εει,
1068 3931 1137 3995 prius

73 4000 190 4059 omnihus
202 4011 325 4060 videndus
336 4023 374 4062 est
381 4013 505 4061 Mannert.
513 4022 530 4059 t.
538 4014 585 4073 VI,
628 4028 642 4070 a
651 4012 759 4077 Caspiis,
768 4013 811 4075 qui
820 4022 916 4061 montes
924 4021 1012 4076 praeter
1023 4011 1095 4058 litora
1107 4007 1138 4055 ad

75 4087 114 4154 c):
135 4090 179 4140 sed
196 4107 244 4140 nec
259 4091 311 4141 hac
328 4092 444 4156 nomina,
462 4092 583 4154 atrides,
627 4107 740 4142 occasum
759 4091 892 4156 spectantia
909 4091 1039 4150 tenebant,
1056 4098 1138 4156 poste-
