2662 4836
167 361 207 425 28
358 320 361 325 Α
488 365 530 444 Q.
563 362 748 426 cun'rn
779 361 905 426 auru

119 489 200 544 atet
224 475 388 573 Erigyius
410 489 616 545 occurrunt.
637 474 849 546 Praefectum
869 481 1095 573 Tapurorum
1116 472 1229 571 gentis

165 583 368 655 Phradaten
394 584 639 670 adduxerant3
669 584 729 656 bic
756 611 904 682 quoque
930 586 968 654 in
995 583 1106 656 lidem
1132 607 1229 655 rece·

164 706 267 790 ptus,
286 694 410 764 multis
428 693 595 791 exemplo
616 691 683 764 fuit
701 695 913 792 experiendi
930 694 1158 764 clementiam
1175 716 1230 763 re·

121 816 154 864 25
164 805 227 901 gis.
246 808 429 901 satrapem
444 804 575 874 deinde
591 805 777 900 Hyrcaniae
792 803 890 875 dedit
904 805 1112 901 Menapim3
1133 799 1232 873 exsul

164 913 224 982 hic
241 928 415 1010 regnante
431 914 534 984 Ocho
559 913 603 983 ad
627 913 835 1011 Philippum
855 927 1095 1010 pervenerat:
1116 917 1231 1010 Tapu-

165 1046 290 1092 rorum
309 1048 454 1121 quoque
472 1038 616 1121 gentem
638 1023 806 1096 Phradati
821 1023 988 1095 reddidit.

142 1169 153 1199 1
215 1137 257 1202 V.
284 1137 435 1229 Jamque
456 1158 520 1203 rex
537 1133 664 1203 ultima
682 1134 869 1230 Hyrcaniae
886 1134 1103 1219 intraverat,
1120 1153 1233 1227 quum

166 1245 377 1332 Artabazus,
398 1271 509 1343 quem
525 1248 636 1318 Dario
653 1245 867 1316 fidissimum
888 1245 996 1316 fuisse
1017 1269 1125 1342 supra
1143 1242 1233 1323 dixi

165 1378 261 1439 mus,
281 1378 363 1425 cum
380 1358 595 1456 propinquis
612 1357 713 1426 Darii
732 1382 773 1427 ac
790 1358 862 1427 sois
882 1357 1003 1427 liberis
1019 1355 1233 1450 modicaque

167 1470 374 1538 Graecorum
392 1469 549 1539 militum
570 1492 680 1538 manu
697 1469 864 1540 occurrit.
885 1473 1058 1538 Dextram
1074 1465 1233 1536 venienti
1266 1530 1269 1537 .

95 1584 98 1590 ’
141 1577 298 1648 aobtulit
317 1604 404 1664 rex;
426 1580 564 1675 quippe
589 1592 626 1648 et
641 1577 772 1675 hospes
789 1576 947 1675 Philippi
966 1575 1101 1662 luerat,
1121 1599 1233 1671 quum

166 1686 268 1756 Ocho
282 1701 457 1781 regnante
470 1686 667 1774 exsularet,
687 1701 722 1756 et
737 1687 883 1783 hospitii
899 1688 1049 1784 pignora
1062 1687 1099 1755 in
1113 1707 1235 1780 regem

168 1818 272 1863 suum
292 1792 336 1863 ad
355 1795 524 1865 ultimum
539 1792 630 1865 fides
650 1811 858 1867 conservata
876 1795 1054 1866 vincebat.
1074 1794 1235 1865 Comiter

205 1970 246 2018 at.
260 1963 419 2026 Tapurorum.
431 1965 493 2026 Quae
503 1975 597 2028 partem
607 1980 679 2020 mon·

169 2043 231 2089 tium
248 2042 313 2089 iuter
326 2043 473 2091 Parthienen
491 2055 515 2091 et
529 2044 680 2107 Hyrcaniam

170 2121 293 2168 tenebant
309 2123 393 2170 Nostri
410 2123 488 2172 Codd.
505 2124 623 2186 multique
639 2124 681 2170 alii

169 2201 279 2248 scribunt
289 2200 419 2248 Tauronem
428 2218 438 2258 ,¹
449 2203 520 2250 male.
527 2201 680 2249 -Ptrada-

168 2289 217 2326 ten.
229 2277 437 2341 Autophradaten,
446 2291 474 2328 ut
481 2292 582 2329 vocatur
590 2280 622 2329 ab
631 2281 680 2327 Ar·

170 2357 253 2416 riano,
268 2357 350 2420 paullo
364 2369 421 2422 post
436 2376 479 2407 sna
496 2369 584 2424 sponte
599 2358 680 2418 venit,

170 2436 191 2483 si
206 2436 312 2484 Arriano
325 2438 413 2485 eredis.

206 2515 248 2563 25.
267 2515 400 2581 Menapios.
415 2515 603 2580 Ammiuspem,
621 2519 680 2564 Par·

170 2593 277 2659 thynum
290 2596 394 2659 appellat
408 2597 507 2643 Arrian.
521 2597 573 2656 ΙΙΙ,
586 2613 635 2656 aa,
650 2613 679 2655 a,

170 2673 214 2736 qni
225 2691 281 2720 cum
290 2675 387 2721 Mazaca
396 2673 539 2722 Alexandro
549 2677 680 2738 AEgyptum

171 2753 316 2813 tradiderat,
336 2754 453 2813 adjuncto
468 2753 626 2816 Tlepolemo,
640 2753 681 2800 cui

172 2850 254 2881 rerum
273 2833 439 2882 Parthicarum
459 2844 483 2880 et
501 2835 680 2899 Hyrcaniamm

171 2929 228 2960 cura
241 2913 369 2960 commissa
383 2923 426 2960 est.
439 2915 496 2960 Haec
505 2914 584 2962 littera
595 2915 619 2960 A
633 2929 681 2961 no·

171 2993 280 3040 minibus
292 2993 405 3040 Asiaticis
420 2994 522 3058 saepius,
532 3005 574 3042 aut
585 2994 681 3054 addita,

171 3082 212 3119 ant
227 3072 332 3120 detracta
349 3082 399 3132 est,
417 3082 445 3119 ut
464 3083 578 3120 notavere
594 3074 681 3120 Frein-

171 3150 279 3198 shemius
290 3161 314 3199 et
328 3151 422 3199 Tellr'er.
435 3152 474 3199 Sic
484 3151 584 3214 quidam
596 3152 681 3199 dixere

172 3232 313 3277 Arnamum
332 3247 378 3293 pro
398 3231 512 3286 Mamm
534 3230 584 3278 vid.
597 3230 680 3294 Steph.

172 3309 273 3373 Byzant.
294 3308 372 3356 Strab.
386 3318 410 3355 et
427 3308 547 3368 Plinium,
565 3309 609 3356 lib.
627 3310 682 3367 Vl,

174 3389 220 3446 13,
233 3390 264 3444 6,
276 3388 381 3436 Amardi
390 3403 435 3450 pro
447 3387 532 3435 Mardi
537 3405 548 3444 ,·
563 3388 681 3447 Plin,VI‚

174 3482 196 3527 7,
207 3464 344 3529 Arimphaei
353 3481 400 3528 pro
412 3465 515 3530 llrphaer'.
528 3467 575 3514 Sed
586 3466 681 3530 fngien-

173 3544 219 3592 dus
232 3559 331 3607 quoquc
345 3544 449 3591 aliorum
465 3545 628 3606 quorumdam
643 3562 681 3593 er·

172 3639 230 3681 ror;
250 3623 309 3686 qni,
328 3639 404 3686 quum
426 3623 453 3669 in
475 3639 526 3671 uno
546 3635 588 3671 aut
606 3623 681 3672 altero

172 3701 295 3762 ejusmodi
316 3701 436 3749 vocabulo
454 3701 506 3749 lslsi
526 3702 640 3760 fuerunt,
660 3703 682 3751 si

173 3791 321 3829 moneantur
331 3779 357 3827 id
368 3796 398 3828 eo
410 3780 539 3837 accidisse,
549 3781 617 3843 quod
629 3782 685 3828 arti·

173 3861 257 3909 mum
263 3861 318 3909 voci
325 3860 467 3920 junxerint,
478 3858 594 3925 deinceps
601 3862 684 3909 omnia

173 3940 283 4001 ejusdem
304 3939 359 3988 soni
376 3938 493 3986 vocabula
512 3950 622 4003 suspecta
639 3939 684 3988 ha·

174 4019 248 4077 bent,
263 4029 286 4066 et
296 4018 421 4067 interdum
435 4004 507 4066 etism
519 4018 633 4067 radicales
644 4020 684 4066 lit-

133 4111 137 4119 ‘
174 4105 237 4148 teras
247 4097 393 4161 ‹letrahunu
406 4097 474 4164 qnod
486 4097 601 4150 accidisse
611 4097 684 4149 credo

723 1965 750 2012 in
759 1965 791 2015 iis
799 2003 805 2025 ,
814 1965 905 2029 quibus
913 1966 951 2023 A,
961 1965 1028 2028 quod
1038 1963 1174 2024 habebant,
1183 1963 1234 2010 vic·

723 2044 801 2092 lenter
819 2045 960 2107 ademptum
978 2054 1021 2091 est.

761 2140 783 2173 1.
795 2122 884 2170 Ultrioa
893 2121 1031 2184 Hyroarrr'ae.
1041 2119 1236 2169 Minime.Veuit

723 2203 858 2250 Artabazus
870 2200 952 2266 paullo
964 2211 1021 2265 post
1031 2216 1103 2263 qnam
1112 2215 1158 2248 rex
1168 2200 1235 2264 Hyr·

724 2283 818 2330 caniam
827 2282 965 2328 intraverat.
975 2281 1093 2328 Nondum
1104 2279 1136 2326 ad
1144 2279 1236 2342 regiam

723 2371 868 2424 pervenerat
884 2361 960 2425 (infra
978 2358 993 2423 S
1011 2358 1073 2422 aa),
1091 2359 1186 2406 nedum
1205 2357 1236 2405 sd

724 2439 808 2487 ultima
826 2439 966 2502 provinciae.
977 2465 1012 2475 —
1023 2437 1081 2484 Cum
1094 2435 1236 2501 propinquis

724 2517 804 2566 Darii.
820 2519 880 2565 Non
892 2534 948 2565 cnm
959 2516 1064 2572 talibus,
1081 2517 1125 2580 qui
1138 2531 1165 2562 re
1180 2529 1236 2562 vers

724 2597 857 2659 propinqui
872 2594 991 2643 staffines
1008 2605 1100 2652 essent,
1120 2594 1163 2642 sed
1180 2609 1236 2641 cum

725 2673 871 2737 quibusdam
883 2691 915 2722 ex
927 2674 1022 2738 agmine
1037 2670 1086 2721 rdr
1097 2667 1236 2734 eryptrds,

724 2768 787 2815 quos
798 2753 911 2812 Curtius,
926 2769 1000 2816 snpra
1015 2755 1067 2812 111,
1084 2753 1113 2811 3,
1132 2762 1163 2809 14
1178 2751 1237 2818 (ubi

725 2832 780 2879 vide
795 2830 903 2895 notam),
917 2841 1035 2895 cognatos
1051 2831 1120 2878 Darii
1130 2831 1237 2895 appella·

725 2910 766 2957 vit.
776 2910 914 2970 Diodorus,
926 2911 943 2957 l.
953 2910 1040 2967 XVII,
1050 2925 1070 2956 c.
1082 2910 1127 2970 76,
1139 2909 1235 2973 aliquos
1255 2943 1258 2950 .

725 2989 816 3036 dueum
834 2989 902 3036 Darii
919 3005 944 3037 se
962 2988 1085 3035 dedidisse
1102 2997 1192 3035 narrat.
1202 3015 1237 3025 -

727 3067 871 3114 Groeconrm.
882 3067 961 3114 Graeci
970 3066 1039 3130 prius
1051 3083 1107 3114 cum
1115 3067 1237 3114 Artabazo

726 3145 842 3199 miserant
851 3145 959 3208 legatos,
972 3155 999 3191 ut
1012 3145 1040 3191 in
1052 3143 1127 3192 fidem
1142 3145 1237 3208 recipe·

726 3235 817 3284 rentur,
824 3225 952 3287 petituros.
957 3225 1032 3286 Quod
1037 3240 1113 3287 quum
1120 3235 1237 3288 negatum

727 3314 801 3362 esset,
815 3303 955 3351 Alexander
970 3304 997 3350 in
1009 3302 1111 3350 Mardos
1125 3319 1238 3350 excurre·

725 3383 781 3442 bat,
794 3393 818 3429 et
827 3383 864 3430 illi
875 3383 966 3446 absque
974 3383 1087 3448 pactione
1100 3398 1126 3429 se
1136 3381 1237 3429 dedide-

726 3472 785 3509 runt
798 3478 830 3509 ex
840 3463 935 3510 Mardis
950 3478 1057 3510 reverso.
1076 3461 1175 3508 Arrian.
1186 3463 1236 3520 111,

727 3542 768 3588 23.
782 3541 880 3589 Curtius
893 3542 936 3589 ista
951 3542 980 3590 de
991 3540 1082 3589 Graecis
1095 3539 1141 3587 alia
1152 3556 1238 3588 narra·

725 3620 793 3666 tione
804 3619 958 3683 interpellare
969 3620 1055 3667 noluit.

762 3716 785 3746 α.
795 3701 883 3765 Hospes
891 3697 1006 3762 Philippi.
1017 3697 1107 3746 Confer
1116 3698 1236 3761 supplem.

728 3778 839 3827 Freinsh.
848 3778 892 3826 lib.
903 3782 930 3838 I,
945 3794 1030 3838 αρε.
1046 3804 1081 3814 -
1094 3776 1166 3824 Fides
1179 3792 1236 3824 corr·

728 3869 822 3908 seruata
840 3857 964 3907 vincebat.
985 3856 1126 3904 Alexandro
1145 3855 1238 3920 duplici

728 3938 830 3986 nomine
844 3954 914 3986 carus
927 3947 950 3984 et
960 3946 1040 4001 gratus
1052 3935 1202 3996 Artabazm,
1215 3944 1238 3982 et

730 4017 763 4065 ob
781 4016 883 4080 hospitii
898 4025 1035 4078 compatre
1048 4017 1106 4076 jus,
1123 4024 1147 4062 et
1162 4014 1237 4078 magis

729 4095 763 4147 ob
774 4093 863 4157 fidem,
877 4110 951 4160 qnam
962 4093 994 4143 ad
1004 4093 1117 4144 ultimum
1128 4093 1182 4157 regi
1193 4107 1237 4140 suo
