2662 4836
197 355 237 418 52
518 354 560 434 Q.
593 353 782 417 curru
816 357 944 421 auat

195 481 272 539 tare
284 465 476 539 beneficio.
492 465 559 538 Ille
576 468 673 537 enim
688 489 831 565 semper
846 469 1006 538 insidiari
1026 469 1093 540 tibi
1109 469 1266 566 poterit;

171 585 236 648 6tu
263 603 340 647 non
369 600 511 674 semper
543 577 692 647 Philotae
719 579 854 672 poteris
882 579 1077 674 ignoscere.
1108 583 1184 650 Nec
1214 592 1266 648 est

196 688 296 784 quod
313 688 512 773 existimes,
539 712 640 775 eum,
665 688 728 783 qui
747 702 887 757 tantum
905 686 1042 758 facinus
1061 712 1168 759 ausus
1188 702 1264 773 est,

194 799 300 871 venia
316 821 421 893 posse
439 797 593 882 mutari3
614 797 680 866 scit
698 821 781 884 eos,
802 797 867 892 qui
882 797 1163 869 misericordiam
1177 823 1263 868 con-

171 920 447 1003 asumpserunt,
480 903 633 1002 amplius
661 928 806 1000 sperare
839 930 915 974 non
949 931 1065 1002 posse.
1098 912 1146 978 At
1179 933 1264 1004 ego,

197 1017 350 1087 etiamsi
368 1012 520 1112 ipsevel
538 1014 773 1112 poenitentia,
793 1014 849 1084 vel
868 1014 1046 1086 beneficio
1063 1032 1128 1086 tuo
1149 1017 1264 1086 victus

197 1125 383 1220 quiescere
401 1123 516 1210 volet,
534 1136 672 1218 patrem
690 1123 765 1218 ejus
781 1126 1077 1212 Parmenionem,
1096 1127 1191 1196 tanti
1203 1126 1265 1197 du-

197 1259 274 1305 cem
296 1234 490 1319 exercitus,
510 1246 546 1302 et
566 1232 764 1302 inveterata
785 1233 882 1329 apud
892 1234 1030 1305 milites
1046 1249 1129 1305 tuos
1148 1251 1266 1306 aucto

193 1344 319 1430 ritate,
338 1341 435 1413 haud
452 1342 606 1412 multum
624 1341 719 1411 infra
729 1341 987 1439 magnitudinis
1002 1358 1070 1413 tuae
1086 1342 1265 1441 fastigium

195 1455 371 1550 positum,
393 1453 465 1523 scio
481 1477 556 1521 non
572 1475 674 1546 aequo
691 1453 812 1520 animo
835 1451 987 1522 salutem
1005 1450 1072 1520 filii
1091 1454 1147 1523 sui
1163 1453 1264 1525 debi-

171 1578 319 1634 ⁸turum
331 1561 407 1632 tibi.
425 1559 598 1652 Quaedam
614 1558 792 1630 beneficia
807 1559 964 1649 odimus3
980 1563 1153 1633 meruisse
1166 1589 1263 1633 mor·

195 1685 269 1742 tem
280 1668 446 1741 confiteri
459 1669 584 1766 pudet.
597 1673 782 1765 Superest,
802 1683 843 1738 ut
856 1669 957 1738 malit
966 1670 1080 1740 videri
1095 1671 1264 1766 injuriam

195 1781 391 1877 accepisse,
404 1803 513 1875 quam
527 1779 656 1847 vitam:
674 1776 826 1873 proinde
841 1779 947 1864 scite,
961 1778 1027 1849 tibi
1041 1803 1123 1850 cum
1137 1781 1205 1851 iilis
1220 1782 1266 1853 de

148 1890 309 1975 ¹osalute
340 1912 416 1958 esse
439 1887 685 1985 pugnandum.
716 1887 806 1956 Satis
832 1885 990 1956 hostium
1015 1904 1195 1984 superest,
1221 1892 1267 1960 ad

196 2021 289 2093 quos
312 1996 584 2092 persequendos
607 1995 694 2064 ituri
713 2018 837 2064 sumus
861 2023 869 2064 :
893 1996 985 2067 latus
1013 2022 1033 2065 a
1060 1997 1267 2071 domesticis

194 2104 360 2176 hostibus
376 2105 498 2191 muni3
517 2104 583 2174 hos
601 2105 630 2172 si
648 2102 863 2189 submoves,
883 2105 974 2174 nihil
994 2120 1118 2176 metuo
1138 2106 1185 2177 ab
1204 2134 1266 2178 ex-

157 2233 342 2289 mterno.»
370 2221 451 2287 Haec
478 2220 655 2286 Craterus.
682 2219 757 2287 Nec
780 2216 891 2285 ceteri
917 2215 1145 2305 dubitabant,
1174 2221 1267 2315 quin

196 2425 253 2488 qnia
265 2424 305 2472 vir
319 2433 391 2471 mutae
403 2423 510 2470 audaciae
527 2432 647 2484 tantaeque
666 2438 706 2469 su·
751 2431 817 2480 tum,
832 2438 908 2485 quum
922 2423 1029 2471 Philotas
1041 2425 1147 2487 periret,
1167 2428 1268 2475 Parme·

195 2503 286 2567 perbiae
305 2503 397 2551 invitus
418 2503 465 2549 erit
485 2502 575 2548 summi
594 2501 708 2564 supplicii
752 2501 795 2548 nio
816 2501 897 2548 adhue
918 2502 946 2548 in
966 2503 1050 2550 Media
1072 2516 1131 2552 erat.
1152 2506 1269 2555 Ceterum

197 2599 242 2630 suo
254 2582 305 2645 regi
315 2582 424 2637 debitor,
436 2591 460 2626 et
471 2596 523 2626 rem
534 2581 673 2643 promptius
685 2590 709 2626 et
753 2579 833 2626 omnis
841 2580 933 2626 Crateri
942 2581 1020 2627 oratio
1030 2597 1059 2628 eo
1069 2582 1162 2643 tendit,
1173 2594 1199 2630 ut
1207 2585 1268 2632 Phi·

196 2663 328 2709 violentins
342 2661 374 2708 ad
391 2661 503 2707 effectum
516 2659 634 2716 deducet,
652 2661 709 2722 qnia
753 2657 827 2704 lotam
840 2669 917 2705 morte
928 2658 1096 2706 mulctandum
1108 2677 1160 2708 esse
1173 2662 1269 2713 doceat.

127 2769 129 2773 >
195 2743 246 2802 jam
258 2741 354 2788 nullum
366 2742 436 2802 regiae
445 2738 617 2785 misericordiae
627 2738 709 2785 lorum
789 2738 813 2782 8.
828 2735 1078 2802 Quoedambeneficia
1091 2738 1194 2790 odimus.
1208 2744 1270 2805 Qni-

196 2819 305 2866 fnturmn
322 2818 394 2881 plane
408 2817 502 2864 sentiet.
520 2819 592 2863 Hunc
610 2832 709 2864 sensum
754 2814 800 2862 bus
818 2816 967 2878 probrosum
984 2827 1009 2863 et
1023 2817 1113 2865 infame
1131 2831 1180 2878 est,
1198 2823 1271 2869 indi-

197 2913 279 2960 neque
288 2897 414 2953 Bembina,
425 2894 529 2941 Advers.
541 2894 584 2941 lib.
595 2896 710 2954 XXVII,
754 2895 832 2957 guisse
840 2929 847 2952 ,
856 2906 883 2941 ut
892 2906 956 2942 recte
968 2896 1120 2959 interpretes.
1131 2901 1209 2951 Tacit.
1218 2905 1270 2950 An·

198 2994 251 3041 cap.
269 2977 315 3036 15,
333 2991 413 3038 neque
430 2972 566 3021 Scltmieder
581 2975 669 3021 claram
683 2974 710 3020 in
754 2973 801 3019 nal.
816 2975 920 3032 1v‚18‚
940 2975 953 3020 3
968 2991 974 3020 :
991 2975 1134 3022 «beneficia
1148 2993 1178 3025 eo
1189 2996 1270 3044 nsque

198 3058 277 3105 lucem
290 3056 422 3119 protulere.
754 3051 806 3098 laeta
827 3062 904 3110 sunt,
931 3051 991 3097 dum
1018 3052 1149 3100 videantur
1174 3061 1271 3107 exsolvi

146 3164 149 3170 -
237 3153 259 3198 7.
276 3133 351 3180 Tanti
366 3133 450 3180 dracem
467 3132 596 3179 exercitus.
612 3132 710 3177 Parme·
754 3147 844 3194 posse;
863 3129 908 3176 ubi
924 3130 1027 3176 multum
1047 3141 1208 3196 antevenere,
1223 3155 1271 3202 pro

199 3218 301 3264 trionem
312 3228 466 3276 cummagno
475 3212 583 3258 exercitu
592 3211 710 3257 inMedia
755 3211 830 3274 gratia
853 3209 939 3256 odium
962 3209 1104 3259 redditur.»
1128 3213 1214 3262 Senee.
1239 3217 1270 3264 de

202 3294 344 3355 reliquerat,
355 3291 391 3338 uti
401 3290 530 3353 pecuniam
543 3306 575 3335 ex
587 3289 665 3334 Persis
676 3289 710 3335 al·
755 3290 836 3336 Benef.
852 3292 893 3348 11,
909 3300 956 3348 at,
973 3306 983 3336 1
997 3306 1002 3335 :
1016 3312 1027 3330 ιι
1035 3291 1121 3337 Tutius
1139 3302 1175 3339 est
1192 3311 1271 3357 quos.

201 3373 272 3419 latam
281 3372 309 3417 in
317 3385 371 3416 arce
380 3368 558 3416 Ecbatanorum
567 3367 710 3429 deponeret,
756 3369 813 3415 dam
831 3367 974 3426 offendere,
995 3384 1067 3429 quam
1087 3369 1273 3421 demeruisse.»

201 3451 357 3514 Harpaloque
384 3447 570 3494 custodiendam
599 3447 711 3494 traderet.
756 3447 842 3492 Evenit
856 3461 914 3508 ergo
926 3446 1137 3509 qnandoqueuut
1148 3452 1273 3513 quosdam

202 3532 260 3592 Quo
269 3528 404 3590 facto‚ipse
415 3525 560 3573 Parmenion
569 3541 624 3572 cum
633 3525 712 3572 'lbra-
757 3523 889 3570 babeamus
916 3524 1104 3584 infestissimos,
1132 3543 1185 3574 non
1214 3541 1274 3594 post

202 3609 272 3657 cibus
283 3618 308 3655 et
318 3605 455 3669 equitibus,
467 3619 529 3666 qnos
540 3619 625 3650 omnes
636 3604 712 3651 habe·
757 3603 875 3651 beneficia
885 3614 992 3662 tantum,
1005 3605 1047 3651 sed
1058 3617 1162 3668 propter
1172 3608 1274 3656 benefi-

202 3687 245 3734 bat
257 3695 344 3749 praeter
361 3670 418 3734 rotis
431 3669 551 3748 i‘Jaipovt,
569 3698 613 3745 per
630 3683 711 3730 Cadn·
757 3683 800 3729 cia.
809 3704 820 3722 »ι
831 3684 914 3728 Senee.
926 3683 957 3728 de
967 3683 1048 3730 Benef.
1061 3686 1115 3742 111,
1134 3701 1166 3750 ι,
1178 3702 1201 3733 1.
1216 3690 1274 3736 Hoc

203 3766 295 3813 siorum
305 3762 367 3810 fines
376 3765 401 3809 in
411 3763 557 3828 Hyrcaniam
567 3762 656 3809 ducere
662 3762 713 3821 jus·
757 3777 828 3807 sensu
842 3760 901 3807 alter
911 3762 994 3808 Senec.
1011 3762 1114 3819 Medea,
1125 3779 1187 3811 vers.
1202 3764 1256 3821 504.
1266 3783 1272 3812 :

204 3861 245 3891 sus
266 3854 330 3902 erat3
351 3842 427 3890 Clitus
445 3858 503 3888 vero
523 3857 579 3888 cum
598 3840 712 3903 praesidio
757 3843 875 3902 «Ingrata
891 3841 939 3887 vita
955 3850 1005 3900 est,
1023 3843 1093 3900 cnjus
1106 3853 1210 3905 acceptae
1224 3862 1275 3908 pu·

204 3921 363 3985 pecuniarum
371 3920 712 3986 (VImillibusMaeedonum)
757 3919 1274 3972 det.»—Proindescio.RectiusModius:

205 4017 233 4049 ea
248 4001 302 4059 via,
321 4016 374 4062 quae
390 4001 418 4046 in
433 4000 584 4062 Parthyaeam
599 3999 711 4048 ducebat.
751 3998 855 4062 proinde
867 3999 934 4047 seito.
954 4004 984 4047 In
996 4016 1062 4062 seqq.
1074 4015 1125 4046 vox
1136 3999 1244 4051 hostibus
1260 4020 1275 4050 a

189 4079 304 4130 ·Arrian.
324 4081 376 4139 111,
400 4094 439 4142 19.
460 4078 583 4128 Cum-illo
605 4078 714 4125 exercitu
757 4079 784 4125 C.
796 4079 893 4126 Barthio
903 4096 949 4143 pro
960 4081 1038 4142 glossa
1050 4079 1162 4128 habetur.
