2662 4836
216 398 256 438 aa
536 372 579 452 Q.
611 370 801 433 CURTII
832 370 958 433 RUFI

215 485 279 580 qui
297 441 373 553 ltria
397 481 472 553 fere
495 482 607 552 stadia
631 483 669 551 in
689 481 950 579 longitudinem
971 481 1161 551 universus
1174 477 1274 560 'iluit3

215 593 346 665 deinde
361 618 461 680 saxo,
481 593 579 690 quod
595 592 776 663 alveolum
785 592 1011 691 interpellat,
1030 612 1273 688 repercussus,

191 700 1275 802 sduoitineravelut,dispensatisaquis,aperitlndetorrens,
1327 718 1329 797 J

217 830 253 886 et
275 838 462 899 saxorum,
489 839 555 911 per
579 837 658 912 quae
681 814 850 901 incurrit,
874 814 1064 912 asperitate
1085 809 1276 882 violentior
1327 850 1329 877 ι

216 936 349 992 terram
364 947 521 1020 praeceps
536 921 641 992 subit.
658 927 727 993 Per
743 947 805 993 ccc
820 922 933 993 stadia
949 920 1115 993 conditus
1128 916 1276 1003 labitur,
1327 906 1329 921 '

215 1056 413 1130 rursusque
440 1033 539 1103 velut
567 1058 611 1103 ex
639 1030 708 1101 alio
734 1031 834 1103 fonte
860 1047 1055 1131 conceptus
1081 1030 1222 1116 editur,
1246 1040 1278 1098 et

216 1164 351 1211 novum
369 1140 511 1212 alveum
532 1139 708 1228 intendit,
729 1143 849 1240 priore
872 1143 927 1213 su'i
951 1154 1053 1240 parte
1071 1138 1277 1238 spatiosior,

193 1252 354 1348 equippe
368 1251 406 1320 in
423 1250 650 1321 latitudinem
662 1276 726 1322 xm
739 1251 935 1323 stadiorum
950 1249 1185 1334 diffunditur3
1204 1270 1280 1317 rur·

218 1387 349 1458 susque
361 1362 626 1460 angustionbus
640 1364 816 1434 coercitus
827 1365 915 1462 ripis
926 1365 995 1436 iter
1007 1363 1119 1460 cogit:
1136 1359 1281 1453 tandem

217 1471 256 1570 in
273 1462 424 1541 alterum
440 1495 584 1540 amnem
600 1470 713 1559 cadit,
733 1473 789 1542 cui
807 1472 968 1570 Rhidago
987 1483 1207 1541 nomen'est.
1224 1471 1281 1536 In·

196 1578 305 1656 scolae
320 1579 567 1664 affirmabant,
579 1604 814 1678 quaecumque
826 1582 970 1653 dimissa
985 1594 1103 1653 essent
1117 1581 1155 1650 in
1168 1601 1283 1650 caver-

140 1686 142 1692 ’
219 1712 326 1773 nam,
353 1715 432 1785 quae
457 1689 608 1786 propior
638 1705 691 1759 est
720 1689 833 1775 fonti,
861 1716 1005 1779 rursus,
1031 1689 1095 1759 ubi
1120 1687 1220 1758 aliud
1247 1709 1285 1755 os

221 1797 336 1868 amnis
348 1800 477 1894 aperit,
491 1799 672 1869 exsistere.
687 1803 816 1894 Itaque
829 1798 1031 1870 Alexander
1043 1797 1134 1867 duos
1147 1811 1286 1880 tauros,

221 1930 293 2002 qua
307 1906 464 1977 subeunt
478 1931 579 2003 aquae
594 1923 747 1994 terram,
766 1907 976 2004 praecipitari
990 1906 1111 2002 jubet,
1131 1928 1286 2001 quorum

223 2038 393 2111 corpora,
424 2013 486 2084 ubi
513 2039 637 2085 rursus
668 2015 845 2113 erumpit,
875 2015 1023 2114 expulsa
1049 2014 1194 2098 videre,
1225 2013 1287 2110 qui

198 2123 320 2196 amissi
337 2138 457 2211 erant,
475 2137 516 2192 ut
529 2125 747 2221 exciperent.
764 2127 942 2215 Quartum
956 2126 1027 2221 jam
1045 2123 1141 2194 diem
1158 2122 1287 2195 eodem

222 2231 304 2302 loco
320 2234 479 2328 quietem
492 2233 597 2303 militi
612 2233 775 2320 dederat,
793 2261 907 2332 quum
924 2235 1290 2318 literasNabarzanis,

223 2342 286 2437 qui
301 2342 450 2411 Darium
469 2365 551 2411 cum
564 2347 671 2430 Besso
688 2344 950 2442 interceperat,
968 2344 1115 2440 aecipit;
1134 2364 1289 2438 quarum

224 2454 403 2523 sententia
426 2451 501 2522 haec
521 2468 620 2523 erat:
643 2457 688 2524 Se
710 2454 820 2523 Dario
844 2479 919 2524 non
946 2453 1054 2524 fuisse
1079 2452 1290 2536 inimicum3

222 2566 335 2635 immo
355 2565 483 2652 etiam,
502 2588 583 2659 quae
600 2564 807 2635 credidisset
822 2565 924 2634 utilia
940 2589 1037 2652 esse,
1056 2565 1233 2635 suasisse:
1254 2576 1291 2632 et

224 2676 310 2772 quia
326 2671 434 2743 fidele
450 2672 639 2742 consilium
655 2673 731 2769 regi
748 2673 920 2759 dedisset,
938 2697 1052 2770 prope
1069 2674 1227 2745 occisum
1244 2671 1293 2742 ab

200 2806 281 2874 9co.
306 2783 463 2878 Agitasse
482 2782 653 2867 Darium,
674 2781 873 2878 custodiam
899 2783 1059 2879 corporis
1083 2783 1139 2853 sui
1163 2797 1294 2852 contra

222 2892 279 2987 jus
300 2889 425 2987 fasque
442 2891 632 2987 peregrino
650 2891 755 2961 militi
772 2892 935 2978 tradere,
955 2891 1122 2961 damnata
1140 2890 1292 2987 popula·

230 3000 324 3069 rium
340 2998 429 3086 fide,
447 3023 557 3095 quam
569 3024 639 3097 per
650 2998 824 3071 ducentos
838 3016 874 3071 et
889 3000 1033 3095 triginta
1045 3025 1161 3069 annos
1178 2999 1295 3069 invio

227 3213 350 3271 sontibus,
368 3229 473 3275 quorum
487 3229 551 3260 unns
565 3212 673 3261 Ziobetis
687 3224 739 3274 est,
818 3217 841 3264 5.
854 3215 887 3260 Et
897 3231 991 3262 novum.
1003 3214 1115 3276 Alterum
1125 3212 1234 3260 canalem
1245 3213 1295 3260 sibi

227 3302 306 3348 ortus,
318 3307 363 3354 per
370 3291 517 3338 Parthienen
524 3291 621 3350 labitur,
630 3300 654 3338 et
663 3293 691 3339 in
698 3294 739 3341 de-
781 3295 874 3358 aperit,
885 3293 978 3356 largior
991 3309 1064 3356 quam
1075 3293 1145 3356 prius
1157 3292 1244 3340 fuerat.

228 3371 298 3419 sertis
316 3372 443 3418 evanescit
461 3374 569 3435 Longam
587 3371 652 3420 banc
668 3372 739 3420 fluvii
817 3375 842 3422 6.
854 3372 920 3418 XIII
926 3371 1067 3420 stadiorum.
1078 3372 1104 3421 si
1112 3386 1231 3418 numerus
1239 3385 1294 3419 non

228 3450 432 3513 descriptionem,
446 3461 474 3498 ut
490 3467 592 3515 prorsus
600 3452 737 3511 inutilem,
781 3460 818 3497 est
829 3460 973 3513 corruptus,
986 3449 1079 3496 flumen
1095 3461 1206 3512 stagnare
1220 3459 1245 3495 et
1257 3449 1294 3496 la·

228 3529 737 3592 meritovituperatSainte·Crolx‚E:cam.
782 3546 838 3578 cum
856 3531 934 3578 facere
956 3529 1086 3577 debuisset.
1107 3529 1177 3591 Quin
1199 3528 1294 3588 immo,

229 3608 283 3658 crit.
298 3623 351 3670 pag.
365 3610 421 3655 108.
432 3610 634 3672 -Interpellat,
647 3610 688 3658 alii
700 3611 738 3658 in·
782 3618 865 3656 noster
880 3609 941 3672 Reg.
954 3609 1021 3668 5718
1040 3607 1136 3671 scripsit
1152 3605 1252 3670 triginta
1271 3614 1294 3652 et

228 3687 340 3750 terpolat.
362 3686 475 3734 Alveolus
495 3703 541 3750 pro
559 3688 642 3736 alveus
660 3691 738 3738 rarius
782 3686 853 3735 trimo
861 3702 921 3749 pro,
933 3684 1061 3744 tredecim,
1074 3685 1142 3749 qnod
1152 3684 1231 3733 multo
1240 3701 1294 3732 ma·

229 3765 296 3828 apud
314 3776 422 3813 auctores
442 3767 555 3833 occurrit.
573 3768 664 3816 Sensus
682 3780 736 3817 est:
783 3768 820 3832 gis
833 3765 977 3815 incredibile
990 3766 1062 3815 foret.

229 3843 320 3891 fluvius
337 3861 350 3891 a
365 3860 439 3908 rupe,
457 3861 510 3909 quae
524 3856 622 3894 tenuem
639 3848 691 3908 ejus
703 3848 737 3895 al-
819 3864 842 3907 7.
856 3845 903 3894 Ubi
911 3845 983 3893 aliud
990 3862 1025 3895 os.
1037 3846 1088 3893 Ubi
1097 3844 1187 3892 fluvius
1199 3861 1294 3893 novum

230 3938 304 3968 veum
314 3922 485 3987 interrumpit,
494 3924 618 3984 resiliens,
629 3925 692 3973 duos
701 3941 739 3973 ca·
784 3927 877 3974 exitum
887 3925 973 3984 babet,
984 3940 1113 3988 emergere.
1123 3949 1160 3960 -
1170 3923 1292 3989 Erumpit.

229 4001 297 4048 nales
311 4002 359 4050 sibi
368 4003 438 4062 facit,
448 4005 518 4067 quasi
529 4021 561 4054 ex
573 4020 642 4070 aequo
655 4004 740 4054 divisis
782 4004 878 4056 Scilicet
889 4006 975 4054 amnis.

231 4091 255 4129 et
268 4074 413 4154 dispensatis
426 4085 508 4140 undis,
819 4101 844 4153 9.
860 4086 980 4136 Ducentos
1001 4094 1025 4132 et
1039 4082 1140 4148 triginta
1153 4098 1240 4131 annos.
1263 4085 1296 4131 Iu
