2662 4836
208 339 251 412 150
445 328 457 347 ⁰
532 344 575 428 Q.
608 344 794 409 CURTIl
822 346 948 412 RUFI

167 468 195 501 ¹1
209 447 353 521 factum.
380 455 446 526 Ille
468 480 545 528 nou
567 459 726 556 ignarus,
755 475 792 532 et
813 463 994 559 principes
1019 464 1218 534 amicorum
1240 477 1276 534 et

208 562 406 632 exercitum
433 569 588 662 graviter
612 568 768 657 offendi,
799 571 948 668 gratiam
973 569 1185 642 liberalitate
1209 569 1273 640 do·

132 694 139 706 ‘
207 669 337 767 nisque
352 698 568 774 recuperare
584 680 767 770 tentabat3
781 681 861 767 sed,
881 683 1028 779 opinor,
1047 681 1169 753 liberis
1190 705 1273 778 pre·

165 808 195 839 n
208 778 299 848 tium
316 784 497 854 servitutis
515 787 694 885 ingratum
713 805 775 861 est.
797 792 925 887 Igitur,
940 816 988 860 ne
1004 791 1042 860 in
1056 791 1274 862 seditionem

206 910 265 957 res
296 905 524 983 verteretur,
557 898 671 968 otium
704 899 1009 998 interpellandum
1043 916 1119 972 erat
1149 898 1276 985 bello;

166 999 308 1094 13cujus
334 1005 484 1075 materia
509 1024 716 1105 opportune
738 1009 910 1082 alebatur.
937 1015 1101 1107 Namque
1122 1015 1278 1094 Bessus,

209 1123 309 1179 veste
339 1113 435 1208 regia
464 1130 627 1213 sumpta,
655 1122 877 1191 Artaxerxen
904 1119 1077 1217 appellari
1098 1144 1136 1190 se
1160 1120 1278 1214 jusse-

209 1231 280 1304 rat3
304 1221 526 1323 Scythasque
554 1240 590 1297 et
613 1241 752 1298 ceteros
775 1230 903 1300 Tanais
924 1230 1060 1300 accolas
1082 1227 1277 1300 contrahe·

166 1323 281 1404 nbat.
300 1334 380 1401 Haec
402 1334 648 1408 Satibarzanes
665 1339 884 1411 nunciabat:
907 1365 1015 1437 quem
1031 1353 1221 1437 receptum
1238 1339 1278 1409 in

208 1432 341 1526 fidem,
362 1444 520 1539 regioni,
540 1471 651 1542 quam
669 1463 774 1519 antea
794 1448 1020 1536 obtinuerat,
1042 1447 1210 1546 praefecit.
1232 1451 1277 1518 Et

208 1571 323 1643 quum
347 1577 454 1648 grave
473 1554 596 1652 spoliis
620 1571 865 1653 apparatuque
890 1558 1037 1629 luxuriae
1058 1583 1186 1654 agmen
1214 1557 1275 1626 vix

209 1676 435 1750 moveretur,
454 1689 534 1734 suas
551 1665 721 1762 primum,
739 1667 870 1739 deiude
886 1670 996 1740 totius
1013 1669 1188 1740 exercitus
1207 1691 1277 1738 sar·

208 1770 326 1860 cinas,
347 1775 506 1872 exceptis
525 1774 721 1846 admodum
743 1779 970 1867 necessariis,
995 1777 1152 1850 conferri
1169 1777 1276 1871 jussit

249 2030 288 2062 ιι.
301 2014 459 2080 Recuperare.
474 2018 581 2081 Quidam
592 2000 671 2069 'coda
679 2022 719 2070 iu·
763 2022 792 2069 iu
803 2023 880 2070 alium
886 2023 1026 2086 quoddam,
1036 2038 1112 2086 quum
1122 2038 1198 2088 regno
1208 2020 1275 2088 poti·

210 2092 721 2162 terqnosetnostriliegg.repa'rare.-In·
763 2112 857 2162 rentur,
877 2113 985 2158 manre,
1006 2100 1074 2166 quod
1095 2103 1194 2166 regibus
1216 2103 1277 2151 solis

208 2183 318 2236 gratum⁴
327 2173 391 2221 Plor.
400 2174 466 2253 ΙΙΙ,
477 2192 498 2223 c.
508 2193 522 2223 a
534 2194 540 2223 ι
552 2200 564 2218 ιι
572 2179 659 2226 Gravis
669 2189 721 2226 erat
763 2181 887 2229 addictum
899 2182 974 2240 soret;
991 2183 1040 2230 boe
1055 2183 1188 2247 prasertim
1207 2182 1273 2248 apud

210 2251 295 2301 liberis
315 2253 367 2318 ipsa
385 2253 564 2304 beneficiorum
581 2259 720 2322 potentis.»
763 2263 840 2326 Papas
851 2262 963 2319 solemne¹
971 2271 1015 2310 est.
1025 2288 1062 2300 -
1073 2261 1175 2309 Tanais.
1187 2265 1273 2310 Iaxar-

211 2332 353 2394 Arminius,
367 2335 432 2399 apud
442 2336 516 2383 Tacit.
531 2336 620 2384 Annal.
634 2340 674 2399 11,
688 2354 719 2400 9,
763 2341 794 2387 tis
807 2341 875 2406 (Syr.
887 2341 990 2406 Dan'a),
1008 2341 1051 2405 qui
1067 2342 1094 2389 in
1113 2342 1192 2390 lacum
1201 2341 1277 2403 ,Arai

202 2422 280 2459 nancta
294 2413 428 2478 stipendia,
441 2424 567 2477 torquem,
580 2426 604 2462 et
616 2416 662 2463 alia
675 2416 735 2462 mi)
764 2420 906 2470 effunditur.
912 2422 1002 2470 Confer
1007 2432 1091 2469 notam
1098 2421 1128 2469 ad
1135 2423 1223 2482 v1‚2,
1234 2431 1272 2478 rt.

210 2491 288 2538 litaria
306 2491 386 2552 dona,
407 2492 497 2556 quibus
514 2495 609 2540 romani
622 2494 719 2541 fratrem
764 2526 799 2535 -
812 2499 996 2550 Satibarzanes.
1019 2500 1138 2548 Ariorum
1162 2509 1276 2563 satrapa,

211 2581 372 2632 ornaverant,
390 2572 490 2630 irridet,
509 2581 624 2636 tanquam
645 2573 720 2621 «vilia
764 2577 808 2639 qui
821 2594 835 2624 s
847 2579 934 2637 Suria,
947 2579 1009 2626 urbe
1023 2579 1050 2626 iu
1064 2578 1187 2625 montanis
1200 2577 1275 2626 Ario·

210 2649 333 2696 servitutis
343 2651 429 2714 pretia.
437 2670 450 2690 n
764 2671 834 2717 rum,
845 2657 876 2704 ad
884 2657 1053 2705 Alexandrum
1061 2666 1168 2704 venerat
1175 2657 1275 2704 Arrian.

250 2743 289 2775 ra.
302 2729 427 2778 Alebatur.
436 2729 512 2791 Quies
519 2730 720 2795 interrumpendo
764 2737 879 2795 111,25‚
895 2737 918 2785 3.
929 2736 1022 2784 Eodem
1033 2747 1131 2784 auctore
1143 2751 1197 2783 uon
1212 2736 1274 2782 sni·

211 2817 261 2854 erat
269 2819 385 2856 renovato
391 2808 469 2869 bello,
478 2811 547 2870 cujus
553 2810 612 2858 belli
619 2811 721 2874 gerendi
764 2812 894 2872 barasnes,
911 2814 953 2861 sed
966 2816 1095 2862 Persarum
1103 2812 1204 2877 quidam
1216 2814 1273 2862 ate-

212 2887 307 2934 occasio
320 2903 373 2934 uon
387 2887 476 2935 deerat.
483 2889 590 2949 ,Plancus
602 2890 634 2937 ad
644 2890 721 2939 Cicer.
764 2892 887 2940 xandrum
896 2892 927 2939 de
935 2892 1002 2939 Bessi
1012 2891 1139 2940 conatibus
1147 2892 1273 2939 certiorem

211 2989 224 3008 u
232 2966 272 3015 Ne
283 2967 367 3014 videar
381 2983 434 3014 mes
442 2967 558 3031 patientia
568 2968 659 3016 bellum
672 2967 720 3016 ale·
764 2971 877 3018 fecerant.
888 2970 948 3018 Aria
960 2971 1087 3033 provincia
1097 2970 1230 3035 Parthyaeis
1244 2970 1272 3018 ab

211 3063 246 3096 re.
256 3068 268 3087 n
278 3046 342 3094 Vide
357 3062 455 3109 quoque
468 3047 564 3094 bivium
573 3084 580 3108 ,
590 3047 606 3094 l.
615 3049 721 3107 XXXI,
765 3049 859 3096 oriente
873 3049 985 3112 proxima
999 3061 1065 3108 erat,
1078 3065 1124 3113 per
1136 3050 1207 3110 cujus
1221 3066 1274 3114 par·

213 3135 237 3171 et
246 3126 330 3173 Senec.
342 3125 372 3173 de
383 3126 465 3173 Beuef.
478 3125 521 3173 lib.
531 3128 577 3174 VI.
765 3135 814 3174 tem
824 3127 863 3174 via
871 3127 969 3191 publica
980 3129 1008 3175 in
1017 3128 1157 3175 Bactrianos
1166 3127 1274 3176 ducebat.

250 3208 289 3254 13.
302 3208 372 3254 Veste
382 3206 458 3271 regia.
469 3209 504 3253 De
515 3223 564 3268 qua
573 3222 658 3271 supra,
670 3209 722 3267 ΙΙΙ,
804 3214 843 3262 14.
854 3205 965 3272 Conserri
967 3207 1049 3272 jussit.
1060 3207 1222 3254 Alexandrini
1231 3208 1274 3254 bu·

214 3286 244 3345 3,
259 3288 304 3344 18,
319 3302 358 3348 19.
367 3313 402 3322 -
410 3288 577 3333 Artaxerxen.
591 3285 625 3331 Ut
637 3284 721 3332 titulus
763 3284 804 3344 jus
816 3285 871 3332 facti
881 3285 1014 3332 meminere
1024 3285 1165 3349 Polyaenus.
1176 3287 1274 3349 Stratag.

213 3364 361 3424 majestatem
383 3364 484 3412 adderet
509 3379 628 3429 personae.
658 3364 721 3411 Nam
764 3364 781 3411 l.
794 3366 839 3423 tv,
855 3380 876 3412 c.
891 3365 918 3424 3,
934 3380 978 3420 10,
992 3374 1016 3411 et
1030 3363 1093 3411 Plut.
1107 3380 1129 3410 e.
1143 3366 1185 3425 57,
1198 3381 1273 3428 quum

214 3443 292 3489 Persis
309 3443 385 3490 moris
399 3443 458 3502 tuit,
477 3459 553 3506 quum
570 3442 601 3489 ad
619 3459 721 3506 reguum
765 3442 905 3490 Alexander
922 3441 1019 3489 Indiam
1035 3442 1125 3489 intrare
1139 3441 1219 3490 vellet
1236 3443 1274 3490 Sic

213 3520 340 3578 venirent,
358 3531 450 3568 mutare
464 3536 570 3580 nomen,
588 3521 722 3585 praesertim
765 3521 850 3580 etiam,
862 3530 917 3568 aute
923 3520 1107 3581 Alexandrum,
1118 3521 1274 3568 GraeciaXe·

213 3615 266 3647 non
284 3599 391 3647 educatis
404 3600 512 3663 inopem
528 3600 615 3663 regui,
633 3600 665 3648 ad
679 3601 721 3648 de·
765 3598 894 3662 uoplionte
911 3599 1021 3661 persuasi
1037 3598 1143 3662 plaustra
1160 3599 1275 3647 tentoria·

213 3679 311 3726 leudam
321 3679 411 3726 scilicet
421 3679 564 3743 opinionem
577 3679 668 3740 injuste
680 3696 722 3728 oc·
766 3695 815 3743 que
827 3688 1011 3739 cremaveruu13
1024 3678 1115 3726 deiude
1126 3694 1182 3726 vasa
1191 3694 1275 3743 super-

214 3758 296 3823 cupati
302 3758 382 3820 regni,
391 3769 414 3804 et
421 3757 563 3818 abjectionis
568 3759 722 3822 vilitatisque.
767 3774 871 3805 vscanea
884 3773 939 3804 cum
952 3756 1120 3821 indigentibus
1137 3757 1275 3804 communi·

214 3837 313 3886 Nomen
318 3840 470 3886 Artaxerxes
475 3833 724 3902 siguificatstreuuum
767 3851 850 3883 carere
859 3871 866 3894 ,
874 3845 958 3882 eaetera
969 3835 1086 3899 inignem
1096 3834 1213 3895 abjecere.
1224 3838 1275 3882 Xe·

122 3910 131 3931 ⁸
214 3914 370 3973 bellatorem
388 3917 506 3964 Herodot.
520 3916 570 3976 vt,
588 3917 629 3979 98.
648 3913 724 3978 Apud
767 3914 844 3978 noph.
854 3914 973 3978 Expedl.
983 3914 1094 3972 1113vid.
1103 3928 1202 3977 quoque
1212 3914 1276 3961 Plor.

215 3994 362 4042 recentiores
379 4011 476 4059 quoqne
494 3995 627 4043 multorum
640 4008 724 4056 regum
769 3994 809 4051 11,
823 3994 870 4054 18,
886 4009 931 4052 ¹03
943 3994 1030 4042 Caesar.
1041 3993 1108 4042 Bello
1120 3995 1167 4040 civ.
1178 3996 1232 4054 111,
1245 3996 1277 4051 6;

216 4071 355 4141 (lucumque
366 4090 420 4124 uros
433 4074 480 4125 fuit
490 4073 619 4143 proprium
634 4087 725 4121 nomeu
768 4072 881 4121 Frontiu.
893 4074 937 4133 Ν,
955 4090 983 4132 ι,
997 4089 1021 4132 7.
