2662 4836
526 320 687 387 LIBER
715 320 779 384 VI.
1146 323 1186 389 31

114 459 178 518 ss,
204 460 285 532 quse
305 436 416 534 plana
437 451 543 524 sunt,
568 461 666 507 novo
682 437 902 508 munimenti
924 459 1058 534 genere
1076 439 1190 538 imp'e-

115 545 261 618 dierunt
277 547 432 621 barbari.
447 547 605 619 Arbores
622 547 740 619 densae
756 541 841 619 subt
857 571 902 618 ex
915 546 1092 618 industria
1110 569 1233 622 con-u

114 655 216 745 sitae,
242 682 398 754 quarum
424 671 570 729 teneros
594 657 714 729 adhuc
739 682 857 728 ramos
881 681 993 729 manu
1018 656 1192 749 flectunt,

116 791 214 862 quos
226 769 384 839 intortos
398 792 524 839 rursus
537 768 704 840 inserunt
714 783 838 856 terrae3
853 766 939 839 inde
954 767 1053 839 velut
1066 795 1109 840 ex
1124 771 1194 843 alia

116 876 239 948 radice
262 877 415 949 laetiores
435 878 557 949 virent
579 879 719 962 trunci3
744 877 830 964 hos,
852 901 924 974 qua
950 891 1079 948 natura
1099 877 1234 968 fert,15

118 983 326 1057 adolescere
347 1011 423 1056 non
441 987 589 1078 sinunt:
613 988 748 1085 quippe
765 986 875 1057 alium
894 985 954 1056 alii
974 987 1076 1084 quasi
1096 1013 1194 1058 nexu

119 1109 336 1179 conserunt,
355 1095 419 1190 qui
430 1093 494 1165 ubi
508 1094 622 1169 multa
632 1095 763 1167 fronde
774 1096 893 1167 vestiti
905 1109 1005 1181 sunt,
1022 1097 1195 1192 operiunt

119 1215 273 1289 terram3
296 1204 418 1299 itaque
436 1205 568 1275 occulti
592 1230 706 1276 nexus
722 1229 926 1292 ramorum,
942 1204 1040 1276 velut
1058 1204 1196 1301 laquei,

120 1327 299 1409 perpetua
319 1298 493 1410 sepe'iter
509 1313 696 1384 claudunt.
719 1319 802 1384 Una
819 1314 911 1383 ratio
931 1328 1006 1383 erat
1026 1313 1195 1386 caedendo
1206 1327 1239 1373 1⁶

121 1422 264 1518 aperire
279 1423 409 1494 saltum
425 1451 434 1492 z
454 1423 518 1494 sed
531 1424 601 1494 boc
619 1447 765 1520 quoque
781 1424 901 1519 magni
916 1423 1037 1519 operis
1050 1449 1059 1510 3
1079 1424 1197 1496 crebri

122 1557 284 1630 namque
308 1534 396 1604 nodi
421 1533 637 1606 duraverant
663 1535 825 1631 stipites,
851 1550 888 1605 et
910 1535 948 1603 in
968 1559 1006 1604 se
1023 1534 1197 1631 implicati

124 1641 297 1715 arborum
310 1644 417 1730 rami,
435 1646 616 1741 suspensis
628 1644 768 1714 circulis
782 1643 932 1730 similes,
948 1642 1048 1714 lento
1060 1645 1197 1717 vimine

124 1751 392 1824 frustrabantur
409 1755 510 1825 ictus.
530 1754 661 1824 Incolae
677 1769 818 1839 autem,
837 1754 912 1822 ritu
934 1751 1111 1839 ferarum,
1128 1756 1237 1827 vir-17

124 1861 225 1958 gulta
245 1861 367 1933 subire
390 1863 505 1948 soliti,
528 1877 607 1932 tum
629 1888 780 1958 quoque
799 1863 1023 1933 intraverant
1044 1861 1197 1954 saltum,

125 1970 350 2068 occultisque
366 1973 447 2043 telis
462 1971 605 2042 hostem
624 1971 856 2042 lacessebant.
878 1971 963 2059 Ille,
985 1976 1196 2046 venantium
1207 1991 1239 2036 18

124 2078 237 2150 modo
253 2079 403 2151 latibula
419 2095 615 2167 scrutatus,
635 2078 830 2178 plerosque
850 2078 1011 2150 confodit
1027 2108 1035 2150 ε
1055 2080 1099 2151 ad
1114 2083 1195 2153 ulti·

125 2214 228 2261 mum
238 2191 427 2263 circumire
438 2191 567 2261 saltum
578 2188 709 2267 milites
715 2188 835 2286 jubet,
849 2202 907 2275 ut,
920 2190 949 2258 si
959 2214 1030 2285 qua
1040 2207 1198 2288 pateret,

127 2299 385 2397 irrumperent.
412 2291 482 2371 Sed
504 2301 637 2398 ignotis
657 2300 745 2370 locis
770 2299 937 2397 plerique
959 2299 1198 2384 oberrabant3

129 2411 270 2576 exceplti
290 2426 375 2481 sunt
394 2411 563 2508 quidam3
589 2413 684 2482 inter
705 2435 799 2506 quos
821 2434 935 2506 equus
954 2413 1065 2509 regis,
1088 2418 1199 2486 Buce·

121 2505 204 2603 pha
246 2533 283 2578 m
302 2508 497 2593 vocabant3
516 2533 625 2605 quem
642 2507 843 2604 Alexander
863 2532 940 2577 non
958 2507 1106 2592 eodem,
1124 2536 1199 2607 quo

167 2700 321 2758 matteras
330 2702 421 2753 densa.
433 2700 567 2766 Deqnibus
575 2701 642 2765 apud
685 2717 749 2764 equo
760 2700 816 2748 vide
828 2701 908 2765 suppl.
920 2700 1072 2751 Freinshem.
1084 2705 1111 2762 I,
1123 2711 1153 2763 a,
1167 2718 1196 2752 11

128 2778 190 2826 elios
198 2779 263 2826 nibil
271 2781 373 2829 memini
381 2781 468 2844 legere.
476 2779 640 2828 -Lacions
685 2796 752 2843 seqq.
763 2790 786 2826 et
796 2790 880 2828 notam
888 2779 919 2826 ad
928 2780 1025 2841 LVIII,
1038 2790 1084 2841 14,
1096 2781 1137 2839 34.
1145 2784 1199 2832 Νο·

130 2858 291 2907 Robustiores
316 2860 462 2923 repullulant
483 2860 585 2907 munci:
607 2860 642 2907 sic
685 2870 734 2907 tam
747 2875 845 2922 quoqne
859 2860 988 2907 Mercriaci
1007 2863 1198 2926 manuscriptam

130 2952 205 3000 supra
215 2938 248 2995 V,
261 2945 276 2993 4
286 2953 293 2984 =
307 2960 320 2979 α
328 2937 408 2986 Colles
421 2939 552 2986 frondibus
564 2937 620 2985 laeti.
630 2959 642 2978 n
685 2938 713 2984 in
723 2938 826 2986 latinum
837 2947 944 2998 vertere,
953 2949 977 2985 et
987 2938 1028 2986 bic
1037 2941 1200 2989 transcribere

170 3016 210 3063 15.
227 3017 276 3062 Hos
287 3033 336 3081 qua
349 3027 438 3065 natura
450 3019 509 3082 sert.
524 3020 576 3065 llos
589 3033 642 3065 ere·
686 3032 766 3080 operae
776 3017 882 3079 pretium
892 3026 946 3065 est:
962 3039 974 3058 u
983 3019 1063 3078 Hujus
1076 3019 1199 3076 nominis,

130 3109 199 3141 scere
212 3110 266 3142 non
281 3096 420 3158 patiuntur,
434 3111 589 3158 quocumque
603 3112 642 3142 ra·
686 3094 781 3158 inquit,
798 3111 884 3142 sensns
899 3105 936 3142 est
949 3094 1014 3143 bovis
1027 3107 1118 3160 caput;
1132 3096 1200 3147 affir-

131 3187 231 3221 mormn
250 3173 346 3222 indoles
366 3185 485 3238 posceret.
501 3202 537 3212 -
550 3174 645 3223 Occulti
686 3184 783 3236 masque
795 3176 883 3221 Festus
889 3190 944 3220 eum
957 3175 992 3225 sic
1002 3185 1130 3233 vocaturn,
1143 3177 1201 3238 quis

131 3267 218 3300 mus.
229 3252 314 3301 Nostri
325 3254 403 3302 Codd.
418 3254 536 3318 multique
548 3254 589 3301 alil
600 3254 643 3301 ba·
685 3252 807 3300 bovinum
817 3263 890 3316 eaput
898 3251 1019 3311 babebat,
1032 3254 1132 3314 Strabo,
1141 3256 1201 3314 XV,

131 3329 208 3392 tent,
228 3332 320 3379 oscum
341 3348 462 3380 ramorum
469 3351 481 3389 ,·
503 3349 582 3392 nnus,
601 3349 642 3379 oe·
687 3333 743 3394 qnia
753 3333 800 3395 ipsi
810 3332 874 3396 larga
883 3332 966 3391 frons3
976 3331 1201 3392 Plinius,Solinus,

131 3411 195 3458 culto
211 3426 336 3468 ronne-m
355 3412 455 3474 quidum
466 3411 570 3459 xeultus
583 3427 641 3459 eon·
686 3411 788 3470 Suidas,
798 3411 972 3474 Aristophanis
980 3409 1056 3458 schol.
1065 3412 1202 3471 Arrianus,

131 3505 219 3538 nexus.
241 3490 303 3538 Cum
323 3491 412 3538 Modio
434 3491 513 3541 libens
536 3490 643 3554 legerem
687 3490 806 3551 multique
826 3490 882 3549 alii,
902 3490 960 3552 quia
980 3491 1008 3536 in
1022 3491 1114 3538 femore
1127 3491 1201 3540 bovis

131 3567 220 3616 occrdti
238 3584 373 3626 ναιηοηυη,
394 3584 441 3634 pro
460 3569 547 3622 occulti
559 3567 642 3625 rami,·
686 3566 766 3632 figura
778 3584 835 3617 eum
846 3571 1015 3634 signeverent3
1029 3570 1124 3617 Plinius
1136 3587 1200 3633 qno·

132 3648 168 3694 sic
182 3646 287 3708 dictum,
301 3657 329 3697 ut
340 3647 426 3697 clausa
437 3649 559 3697 domorum
572 3656 596 3694 et
609 3647 643 3694 si·
687 3663 735 3710 qne
752 3648 800 3695 boo
817 3663 910 3695 nomen
923 3659 1006 3696 ortum
1020 3650 1054 3696 ait
1072 3667 1103 3698 ex
1120 3650 1200 3713 ipsius

132 3725 209 3774 milia.
687 3726 1200 3792 ferociaspeetu,torvaquefaoie3801inus‚

173 3805 212 3852 16.
221 3805 296 3852 Lento
305 3805 406 3854 vimine.
417 3805 550 3854 l'lexilibus
563 3805 643 3870 flagel-
688 3821 720 3853 ex
735 3806 833 3854 duobus
851 3808 1006 3867 tumoribus,
1026 3808 1069 3870 qui
1083 3808 1201 3856 cornibus

133 3883 164 3930 lle
176 3883 320 3933 sedentibus
330 3885 414 3933 irritos
424 3885 560 3935 reddebant
572 3901 642 3933 secu·
688 3885 779 3933 similes
797 3895 878 3942 erant,
897 3901 929 3933 ex
946 3887 998 3946 ejus
1012 3886 1092 3934 frome
1106 3887 1204 3949 promi·

134 3962 200 4009 rium
214 3962 282 4009 ictus.
688 3963 804 4011 nantibus
812 3981 819 4023 3
828 3964 949 4011 Arrianus
957 3999 964 4024 ,
972 3964 1054 4026 quod,
1064 3980 1140 4026 quum
1148 3975 1203 4011 toto

175 4043 213 4088 18.
226 4041 386 4105 Bucephalam
397 4044 529 4093 vocabant.
547 4045 583 4092 De
596 4043 645 4091 boe
689 4058 793 4106 corpore
806 4043 875 4104 niger
888 4053 962 4098 esset,
981 4042 1061 4090 albam
1080 4042 1216 4103 maculam,

1033 4326 1258 4556 Λ
